3130 4914
236 303 277 361 20

234 461 499 549 κατειλημμένου
514 497 564 541 -,
590 467 616 529 si
638 465 726 529 modo
755 468 912 544 genetivus
935 457 1209 545 κατειλημμένου,
1236 463 1357 543 quiesi

235 574 264 632 iu
295 571 460 643 codicibus,
494 571 649 642 retineto1·;
687 569 925 632 subaudiendum
957 571 1034 632 enim
1065 573 1112 630 est
1141 553 1250 628 αὐτοῦ
1280 563 1356 641 (τοῦ

233 668 382 752 χωρίου),
411 672 491 750 quod
521 673 552 732 in
582 676 665 732 tanta
694 673 789 750 ipsius
819 673 946 733 nominis
976 675 1068 750 atque
1098 671 1230 749 genetivi
1260 663 1356 729 σίτου

234 775 345 836 vicinia
371 776 442 837 ferri
470 777 520 835 vix
547 780 654 854 potest.
698 775 764 849 Qua
794 793 826 837 re
854 776 992 837 commoti
1019 775 1151 836 editores
1173 773 1357 836 recentiores

235 880 405 940 Dobraeum
428 880 521 940 secuti
549 880 751 942 accusativum
776 873 1040 958 κατειλημμένον
1061 879 1129 940 iure
1151 878 1357 953 restituerunt,

236 982 277 1040 ita
307 985 339 1040 ut
368 981 504 1042 absoluto
533 981 690 1057 participio
726 979 855 1041 addatur
891 981 1085 1041 coniunctum
1117 979 1357 1055 uertendumque

236 1083 285 1142 sit:
310 1087 552 1161 „expugnaturos
582 1100 647 1144 esse
677 1082 789 1160 locum,
819 1102 887 1144 cum
914 1101 1014 1160 neque
1041 1082 1223 1144 trumentum
1245 1082 1358 1142 inesset

236 1187 265 1244 et
289 1183 396 1262 exiguo
420 1188 566 1262 apparatu
590 1192 755 1262 occupatus
778 1184 886 1246 esset“.
923 1185 1113 1246 Dissimilium
1129 1183 1356 1264 participiorum

239 1286 457 1362 copulationem
481 1305 579 1365 neque
594 1287 725 1348 Dobraei
749 1286 950 1348 emendationi
974 1286 1092 1347 obstare
1113 1291 1142 1348 et
1155 1285 1251 1364 ipsius
1265 1286 1357 1362 scrip·

235 1389 309 1449 toris
344 1389 487 1466 exemplis
521 1390 592 1448 satis
630 1387 749 1450 defendi
785 1408 823 1450 ex
858 1389 1003 1466 exemplis
1036 1407 1054 1448 a
1080 1390 1228 1466 Krueger.
1248 1407 1294 1464 gr.
1312 1407 1357 1464 gr.

236 1491 254 1560 ξ
276 1495 421 1569 56,14,2
445 1491 543 1552 allatis
565 1495 699 1568 apparet.
743 1492 789 1552 iix
812 1490 919 1552 eodem
934 1509 989 1552 usu
1005 1489 1206 1568 Thucydideo
1221 1490 1358 1552 diversos

236 1594 462 1670 participiorum
492 1611 579 1654 casus
610 1590 799 1671 iungendi³⁵)
829 1594 988 1670 Krnegero
1019 1595 1181 1671 1v‚eo,3
1211 1621 1254 1632 -
1275 1574 1358 1651 τίπο-

235 1685 466 1774 χωρησάντων
487 1680 550 1775 γὰρ
578 1680 695 1768 αάτοῑς
716 1694 801 1769 (τοῖς
826 1693 1036 1769 θεσπιεῦσιν)
1058 1691 1128 1754 τῶν
1150 1710 1358 1774 παρατεταγ-

236 1791 365 1875 μένων,
398 1781 456 1857 καὶ
488 1792 742 1858 κυκλωθέντων
774 1789 811 1856 έν
843 1786 960 1877 ὀλίγῳ,
994 1789 1091 1877 οἵπερ
1126 1782 1359 1876 διεφθάρησαν

241 1895 424 1974 Θεσπιέων,
453 1893 490 1960 έν
514 1895 629 1980 χερσὶν
651 1887 854 1980 ἀμυνόμενοι
877 1887 1176 1980 κατεκόπησαν-
1199 1899 1358 1962 conicienti

236 2022 292 2081 pro
315 2004 454 2080 genetivo
481 1998 733 2064 κυκλωθέντων
762 2004 978 2065 nominativum
1001 1995 1236 2073 κυκλωθέντες
1258 2019 1358 2062 assen-

236 2105 370 2166 tiendum
392 2125 451 2167 non
475 2110 563 2184 puto;
591 2125 658 2166 nam
688 2106 887 2168 coniecturum
911 2107 993 2166 illam
1017 2105 1054 2166 ad
1077 2106 1244 2183 proximum
1268 2123 1358 2182 gene·

236 2208 330 2268 tivum
360 2209 533 2284 partitivum
565 2201 738 2268 θεσπιέων
768 2212 866 2284 aptam
896 2226 963 2268 esse
993 2208 1069 2268 bene
1100 2211 1192 2283 negat
1217 2205 1358 2267 Stahlius.

237 2309 379 2370 Notanda
409 2327 482 2370 sane
513 2313 558 2370 est
583 2311 788 2371 subiectorum
814 2310 946 2370 varietas
974 2311 1005 2368 in
1035 2309 1182 2387 genetivis
1212 2307 1359 2368 artissime

237 2413 314 2472 iuter
336 2431 368 2472 se
391 2412 557 2474 coniunctis
573 2412 681 2490 quibus
697 2430 804 2475 sensus
819 2411 921 2472 slmilis
937 2413 1049 2489 subest,
1074 2411 1213 2489 quoniam
1230 2414 1358 2487 uterque

238 2532 357 2574 causam
381 2515 541 2575 verborum
565 2508 603 2573 έν
623 2509 737 2594 χερσίν
758 2499 962 2593 άμυνόμενοι
977 2503 1212 2593 κατεκόπησαν
1229 2513 1357 2573 exhibet

238 2616 330 2694 idem,
352 2615 409 2678 nisi
431 2617 512 2695 quod
534 2617 666 2694 genetivi
690 2618 818 2678 absoluti
842 2618 969 2694 tempori
993 2616 1161 2678 definiendo
1181 2616 1359 2690 inserviunt,

237 2719 434 2780 animadverti
456 2720 528 2780 licet
550 2721 574 2798 1,
589 2725 618 2797 3,
634 2724 651 2782 2
667 2706 828 2798 Ἕλληνος
857 2713 892 2777 δὲ
918 2713 974 2776 καί
1000 2716 1073 2778 τῶν
1095 2712 1229 2778 παίδων
1242 2701 1358 2784 ,αὐτοῦ

238 2813 275 2879 έν
304 2818 345 2897 τη
373 2809 538 2881 Φθιώτιδι
567 2809 791 2899 ἰσχυσάντων,
823 2815 881 2880 καί
911 2812 1128 2899 ἐπαγομένων
1153 2806 1279 2892 αὐτούς
1307 2800 1359 2878 ἐπ’

238 2907 367 3004 ιάφελίᾳ
395 2915 428 2995 ές
454 2912 513 2994 τάς
540 2910 641 2994 ἄλλας
668 2912 856 2996 πόλεις...
902 2923 1074 2984 Subiectum
1108 2923 1185 2983 enim
1217 2922 1256 2982 ad
1282 2913 1359 2980 έπα-

237 3019 390 3104 νομένων
417 3026 499 3105 quod
528 3031 573 3088 ost
600 3013 716 3086 ἄλλων
741 3024 847 3086 τινῶν
871 3045 887 3087 ε
910 3027 1123 3088 sententiarum
1151 3043 1268 3086 conexu
1292 3042 1359 3098 cog·

137 3132 139 3136 ’
237 3130 372 3190 noscitur
394 3135 424 3191 et
445 3131 546 3191 verbis
569 3122 602 3202 ές
624 3119 682 3201 τὰς
705 3117 810 3202 ἄλλας
832 3117 953 3206 πόλεις,
970 3129 1135 3188 indicatum
1158 3131 1212 3188 est

325 3232 415 3293 Nunc
442 3237 628 3294 revertamur
654 3231 692 3292 ad
720 3232 914 3310 propositum.
958 3232 1004 3291 iix
1031 3231 1066 3290 iis
1093 3247 1170 3307 quae
1198 3227 1285 3290 modo
1309 3246 1357 3288 ex·

238 3336 326 3412 posui
355 3335 412 3396 iam
443 3337 623 3416 perspicitur
658 3336 784 3396 subiecti
819 3332 1005 3413 repentinam
1039 3333 1230 3392 mutationem
1261 3349 1359 3408 neque

238 3455 361 3500 numero
396 3457 495 3516 neque
528 3457 638 3516 genere
672 3439 703 3498 in
738 3438 831 3498 altero
870 3435 1041 3513 praedicato
1076 3433 1257 3512 patefactam
1292 3437 1360 3511 post

238 3539 415 3619 particulam
440 3535 498 3598 καί
524 3541 698 3618 simpliciter
725 3539 916 3618 copulantem
939 3538 1083 3599 rariorem
1106 3534 1221 3610 essedi)
1266 3536 1359 3598 hiultc

325 3740 360 3804 εὖ)
379 3737 421 3794 Of.
439 3739 472 3793 Ε.
490 3737 648 3806 Panium,
670 3737 705 3793 de
722 3742 836 3792 austera
852 3734 1028 3806 Thucydidis
1052 3734 1269 3804 compositione,
1293 3749 1359 3805 qua·

240 3830 321 3879 tenus
344 3839 379 3878 ex
401 3823 579 3894 copulatione
604 3822 780 3878 dissimilium
805 3820 939 3877 orationis
962 3819 1083 3890 partium
1110 3821 1235 3890 perspici
1260 3821 1360 3890 possit,

242 3909 498 3967 diss.Beroi.1867
518 3926 545 3979 p.
559 3914 622 3980 itaq.
642 3915 680 3965 16.
716 3908 827 3979 Heike1‚
846 3909 864 3964 i.
878 3923 900 3963 c.
919 3911 988 3975 §2²2
1006 3924 1033 3978 p.
1046 3911 1088 3961 li.

326 3997 362 4062 ³⁶)
379 3993 608 4064 Frequentiorem
626 3994 701 4064 apud
714 3993 886 4048 Herodotum
904 4008 967 4048 esso
986 3997 1061 4048 recte
1079 3991 1160 4047 docet
1171 3991 1272 4048 Bernh.
1286 3996 1360 4061 synt.

241 4095 332 4150 graec.
346 4085 444 4150 p.468;
461 4079 588 4149 exempla
605 4079 644 4134 ibi
663 4078 822 4134 desiderata
832 4077 902 4133 haec
914 4078 1033 4133 collecta
1044 4076 1146 4132 haheo:
1165 4077 1255 4145 1,aa,1
1270 4080 1360 4131 ταῦτα

240 4159 335 4235 λέγων
347 4170 388 4240 τῷ
398 4163 516 4239 Κροίσῳ
529 4158 563 4220 οὔ
576 4184 635 4230 κως
647 4157 715 4220 οὔτε
726 4158 874 4236 ἐχαρίζετο
885 4159 1027 4231 (Σόλων),
1040 4156 1108 4218 οὔτε
1120 4157 1210 4232 λόγου
1219 4180 1269 4229 μιν
1280 4179 1362 4231 ποιη-

241 4244 367 4316 σάμενος
384 4242 502 4314 οέδενὸς
513 4253 560 4318 [=
572 4245 662 4319 λόγου
680 4245 712 4304 τέ
724 4267 773 4318 μιν
792 4243 988 4319 ποιησάμενος
1006 4240 1138 4313 οὐδενός)
1158 4239 1361 4314 ἀποπέμπεται
