3130 4914
255 287 294 349 14

252 447 309 512 καὶ
338 444 370 512 ολ
399 438 497 512 ἄλλοι
526 443 690 532 πρέσβεις]
722 442 859 530 γνόντες
885 449 1047 532 τολμῆσαι
1069 448 1126 512 καὶ
1148 497 1156 514 .
1177 500 1184 514 .
1203 497 1211 514 .
1233 438 1373 524 οόόενὸς

250 541 387 634 ὕστεροι
409 545 524 635 γροόμγγ
547 551 702 633 φανῆναι.
748 555 825 614 Nam
856 556 881 614 si
911 556 999 617 modo
1027 557 1219 634 Kruegerum
1249 562 1372 619 secutus

252 647 380 732 ἔφασαν
407 661 441 718 nt
467 656 504 716 ab
527 657 693 734 interprete
714 655 848 715 additum
871 675 925 717 sno
947 658 1012 717 iure
1034 658 1121 718 nucis
1144 659 1277 732 inclusit,
1307 659 1373 734 plu-

251 760 327 820 ralia
347 748 506 837 γνόντες.
525 803 532 816 .
550 802 556 814 .
573 742 707 837 όστεροι
723 776 783 818 non
799 758 838 817 ad
853 759 1085 822 Themistoclem
1101 762 1227 838 eiusque
1243 761 1372 838 collegas

251 862 339 934 solos,
362 861 416 922 sed
438 861 476 920 ad
499 861 656 921 universos
679 861 879 922 Athenienses
901 861 1016 922 referre
1038 862 1149 924 debuit.

337 963 383 1024 nb
414 944 460 1022 his
494 962 708 1040 distinguenda
742 968 813 1023 sunt
848 981 926 1040 qnae
956 965 1067 1042 scripta
1095 963 1263 1026 invenimus
1292 964 1371 1041 apud

251 1066 457 1142 Thucydidem
482 1068 536 1143 Vl,
561 1071 649 1138 17‚7
683 1057 715 1124 οἱ
748 1055 811 1145 γάρ
841 1059 981 1144 πατέρες
1010 1049 1105 1144 ἡμῶν
1133 1057 1216 1138 τους
1247 1051 1372 1138 αότοὺς

251 1157 396 1238 τούτους
418 1155 545 1246 οὕσπερ
569 1164 634 1226 νῦν
649 1180 730 1243 φασι
744 1162 927 1246 πολεμίους
944 1213 951 1227 .
969 1212 976 1228 .
994 1213 1001 1227 .
1032 1169 1110 1228 Nam
1126 1168 1228 1230 dicens
1243 1155 1371 1248 οὕσπερ

251 1267 313 1330 νῦν
336 1281 490 1345 φασι...
533 1269 705 1330 Alcibiades
728 1270 853 1349 respicit
874 1270 912 1330 ad
928 1271 1033 1331 Niciae
1058 1272 1109 1348 qni
1133 1275 1201 1332 ante
1218 1291 1285 1334 enm
1302 1290 1371 1332 con-

250 1373 381 1434 tionatus
405 1377 450 1434 est
472 1372 615 1433 orationis
637 1373 735 1434 locum
752 1374 893 1452 Vl,10,1
916 1367 998 1452 φημὶ
1013 1359 1075 1452 γὰρ
1090 1356 1182 1451 ὑμᾶς
1190 1367 1372 1452 πολεμίους

250 1464 398 1546 πολλοὺς
420 1463 543 1534 ἐνθάδε
566 1458 801 1546 όπολιπόντας
817 1521 825 1535 .
843 1521 875 1536 ..
911 1475 1052 1538 Malueris
1073 1477 1166 1554 igitur
1188 1477 1370 1555 singularem

251 1572 331 1657 φησί
353 1579 395 1638 illi
417 1572 500 1656 φημί
522 1578 753 1656 respondentem
770 1582 861 1655 atque
877 1578 1015 1638 similiter
1030 1583 1209 1655 usurpatum
1226 1581 1275 1657 Vl,
1289 1583 1370 1656 84,3

251 1663 491 1752 ὃΧαλιιιδεός,
527 1664 567 1740 όν
599 1665 729 1759 ἀλόγως
758 1663 843 1759 ἡμᾶς
873 1691 952 1760 φησι
982 1675 1262 1759 δουλωσαμένους
1292 1671 1371 1752 τούς

250 1772 371 1842 ἐνθάδε
394 1773 609 1861 ἐλευθεροῦν.
652 1785 759 1862 Neque
788 1789 887 1844 tamen
919 1783 1082 1862 quidquam
1112 1785 1286 1845 mutandum
1313 1790 1371 1862 εει,

250 1905 355 1948 verum
384 1886 461 1946 enim
491 1887 548 1946 iam
577 1886 737 1946 scholiasta
760 1885 835 1946 vidit
858 1892 1007 1948 annotans
1030 1887 1059 1946 in
1083 1887 1194 1964 plurali
1217 1888 1268 1948 illo
1290 1882 1371 1963 φασί

251 1990 418 2050 subiectum
442 1987 680 2051 subaudiendum
705 2007 769 2050 csse
793 1979 826 2046 oi
847 1983 925 2067 περὶ
946 1975 1009 2048 τὸν
1031 1983 1166 2048 Νικίαν.

335 2092 473 2166 Denique
496 2091 547 2162 VI,
559 2095 608 2162 56,
623 2095 638 2150 1
656 2075 839 2170 Ἵππαρχος
854 2073 1027 2169 Ἁρμόδιον
1052 2077 1293 2172 ἀπαρνηθέντα
1307 2079 1370 2171 τὴν

250 2187 402 2273 πείρασιν
423 2182 712 2272 προυπηλάκισεν·
730 2177 879 2272 ἀδελφὴν
893 2183 955 2272 γὰρ
972 2179 1079 2254 αὐτοῦ
1095 2184 1201 2275 κόρην
1216 2179 1370 2274 ἀπαγγεί-

250 2295 368 2368 λαντες
396 2282 491 2373 ἥκειν
521 2292 648 2354 κανοῦν
678 2287 838 2355 οἲσουσαν
873 2287 910 2353 ἐν
937 2293 1057 2374 πομπῇ
1085 2314 1152 2356 τινι
1182 2282 1370 2377 ἀπήλασαν,

249 2393 475 2477 λέγοντες...
499 2398 631 2459 breviter
660 2398 876 2460 advertendum
905 2402 962 2472 est,
993 2403 1095 2476 spreto
1126 2419 1214 2478 quem
1245 2406 1370 2480 propter

249 2503 387 2578 superius
407 2489 683 2579 προυπηλάκισεν
705 2501 928 2578 exspectaveris
951 2521 1075 2563 numero
1098 2503 1242 2580 singulari
1264 2504 1370 2564 transi·

249 2609 313 2666 turn
334 2604 373 2664 ad
396 2605 601 2682 hipparchum
624 2605 748 2681 eiusque
770 2603 892 2664 fratrem
912 2604 1052 2680 Hippiam
1075 2605 1148 2677 fieri,
1171 2607 1283 2684 quippe
1305 2607 1369 2684 qui·

249 2707 306 2767 bus
329 2707 426 2768 officia
448 2707 486 2767 ad
509 2725 647 2783 pompam
671 2705 881 2766 instituendam
905 2707 1086 2783 pertinentia
1108 2709 1304 2769 communiter
1319 2727 1370 2768 ex·

249 2808 404 2886 sequenda
426 2805 586 2879 fuerint²²i

336 2910 451 2986 Quibus
473 2910 617 2989 expositis
640 2910 786 2972 addamus
808 2909 907 2970 statim
930 2928 1009 2987 qnae
1030 2910 1068 2971 de
1083 2912 1209 2972 transitu
1225 2930 1243 2971 a
1258 2912 1369 2989 plurali

250 3032 374 3076 numero
397 3012 435 3074 ad
458 3013 640 3090 singularem
663 3011 791 3073 dicenda
814 3017 892 3074 sunt
935 3014 997 3072 lam
1021 3014 1148 3090 primum
1168 3015 1224 3074 hoc
1239 3014 1370 3074 animad-

250 3118 328 3177 verti
353 3116 422 3178 licet
449 3117 629 3178 contrariam
657 3116 734 3176 hanc
762 3116 878 3176 numeri
900 3115 1122 3177 anacoluthiam
1146 3116 1227 3193 apud
1249 3116 1370 3194 Thucy·

250 3217 347 3279 didem
371 3219 553 3279 rarissimam
576 3237 656 3295 esse;
679 3219 846 3295 exemplum
870 3221 969 3280 exstat
990 3219 1141 3292 Ill‚17‚3
1164 3208 1226 3298 τήν
1247 3236 1283 3278 τε
1305 3208 1368 3298 γὰρ

251 3316 453 3382 Ποτείδαιαν
485 3315 658 3401 όίδραχμοι
688 3303 824 3380 ὁπλῖται
854 3311 1057 3400 ἐφρούρουν·
1095 3303 1191 3402 αυτῷ
1219 3307 1281 3400 γὰρ
1313 3316 1369 3381 καὶ

334 3471 366 3538 ⁹²)
386 3469 490 3526 Contra
507 3469 588 3524 etiarn
607 3483 813 3538 nonuunquam,
831 3468 879 3523 ubl
898 3467 968 3523 socii
986 3469 1031 3525 vel
1049 3467 1152 3523 milites
1176 3467 1280 3523 diserte
1298 3484 1370 3523 com·

250 3555 392 3608 memorati
410 3559 491 3618 sunt,
509 3553 538 3607 in
558 3554 690 3623 singulari
708 3553 838 3622 procedit
856 3553 954 3622 oratio,
972 3554 1051 3624 quasi
1071 3554 1106 3607 de
1124 3552 1290 3623 imperatore
1309 3555 1369 3609 solo

250 3653 341 3694 sermo
359 3637 459 3707 fuerit3
477 3638 512 3694 cf.
526 3637 575 3707 IV,
590 3643 674 3707 1123
694 3633 839 3710 Βρασίδας
856 3636 906 3694 καὶ
924 3635 956 3694 τὸ
976 3642 1088 3708 πλῆθος
1107 3631 1195 3704 εὐθὺς
1214 3631 1273 3693 ἄνω
1287 3632 1369 3709 ἐτρό-

249 3741 335 3789 uero,
359 3720 538 3794 βουλόμενος
639 3725 774 3793 Exempla
792 3723 907 3793 collegit
925 3723 1043 3792 Ullrich,
1060 3725 1146 3780 Beitr.
1166 3742 1190 3780 a.
1209 3725 1279 3780 Krit.
1293 3724 1314 3790 1,
1330 3728 1368 3778 14.

250 3807 294 3863 cf.
306 3809 387 3864 etiam
406 3807 455 3878 lV,
468 3815 509 3876 37,
524 3815 535 3864 l
556 3805 648 3874 Γνοὺς
664 3805 695 3864 δὲ
709 3801 724 3863 ὃ
739 3803 841 3864 Κλέων
852 3807 903 3863 καλ
915 3801 931 3864 ὃ
945 3803 1134 3878 Λημοσθένης
1152 3799 1197 3864 ότι
1219 3849 1264 3863 ...
1283 3802 1369 3864 ἔπαν-

251 3911 313 3958 σαν,
331 3893 379 3950 nhi
398 3893 548 3964 singularis
565 3897 630 3963 (pro
648 3893 791 3949 usitatiore
809 3890 940 3964 γνόντες)
958 3895 993 3949 ad
1011 3896 1127 3964 propius
1142 3910 1242 3949 nomen
1261 3908 1369 3949 accom-

249 3979 391 4036 modatum
414 3983 467 4036 est.
507 3979 536 4035 si
559 3978 594 4035 do
619 3978 890 4049 pluribusdncihus
914 3995 1004 4035 sermo
1026 3977 1130 4034 fuisset
1152 3985 1251 4049 postea
1274 3993 1369 4034 eorum

249 4063 404 4134 principem
423 4063 513 4120 solum
531 4064 652 4135 spectari
665 4064 834 4132 probaturus
847 4065 953 4134 Poppo,
972 4065 1008 4121 de
1020 4065 1088 4120 eloe.
1100 4063 1189 4119 Thuc.
1203 4080 1231 4133 p.
1245 4068 1276 4118 97
1296 4061 1369 4117 falso

250 4150 343 4203 attulit
360 4148 409 4217 1v,
423 4153 479 4219 123,
493 4154 525 4219 33
542 4164 598 4217 quo
616 4147 651 4202 de
669 4147 731 4202 loco
748 4163 862 4218 prorsus
881 4148 961 4204 aliter
978 4148 1143 4218 explicando
1162 4147 1227 4203 vide
1246 4147 1368 4202 editores

249 4234 429 4290 recentiores.
