3130 4914
256 313 295 370 18

254 480 377 540 notione
399 481 534 557 generali
557 483 631 541 nihil
654 482 736 542 aliud
759 482 815 542 nisi
837 478 1018 556 ,discedere’
1041 481 1192 556 valere.³¹)
1236 486 1376 562 Denique

254 585 275 654 1,
298 586 383 661 49,7
419 578 603 663 διεκέκριτο
638 569 738 644 οὐδὲν
771 575 832 659 ἔτι,
870 572 955 644 ἀλλὰ
989 581 1170 662 ξυνέπεσεν
1202 579 1235 656 ἐς
1267 584 1375 646 τοῦτο

254 669 408 766 ἀνάγκης,
431 671 517 746 ὥστε
533 733 539 745 .
558 733 590 746 ..
614 688 743 748 dubitari
767 691 874 764 potest,
897 692 996 749 utrum
1021 708 1057 748 ex
1078 673 1178 748 οὐδέν
1193 692 1374 751 contrarIum

252 779 364 848 πάντα
386 790 582 867 repetendum
606 811 644 850 an
668 785 849 866 ξυνέπεσεν
869 792 1112 869 impersonaliter
1131 793 1244 861 (schola
1269 781 1375 870 ἤγουν

252 881 295 949 τὰ
316 881 508 970 πράγματα)
531 894 641 956 dictum
672 895 717 953 sit.
762 895 807 954 Ac
840 895 909 954 mihi
939 894 1059 972 quidem
1091 897 1261 972 respicienti
1289 915 1376 956 omne

253 995 358 1054 talium
390 995 572 1056 locutionum
594 1015 692 1074 genus
714 997 869 1073 ipsiusque
892 996 1080 1074 Thucydidis
1103 998 1201 1058 locum
1224 999 1274 1069 IV,
1291 1001 1374 1074 68‚3

253 1098 303 1157 hic
326 1116 448 1177 quoque
463 1099 500 1158 de
516 1100 738 1161 constructi0ne
753 1099 945 1176 impersonali
962 1099 1153 1176 cogitandum
1170 1118 1236 1161 osse
1251 1098 1375 1178 puto³²i

337 1205 422 1264 Haec
444 1205 535 1264 habui
557 1222 637 1282 qnae
659 1202 696 1264 de
719 1204 851 1265 subiecto
874 1205 918 1264 bis
940 1208 1030 1282 atque
1053 1204 1147 1265 altero
1171 1205 1292 1282 quidem
1307 1205 1374 1266 loco

254 1305 313 1366 alia
336 1309 526 1368 contrariare
548 1305 644 1368 dorma
667 1307 827 1384 cogitando
851 1306 987 1366 dicerem.
1032 1308 1109 1368 Nam
1132 1307 1170 1367 de
1193 1308 1374 1368 memorabili

253 1409 302 1468 illa
325 1410 539 1470 sententiarum
563 1413 722 1488 structura,
744 1410 825 1486 quod
845 1408 1040 1487 Thucydides
1063 1409 1145 1470 haud
1167 1429 1236 1471 raro
1259 1412 1291 1471 in
1315 1429 1375 1470 una

253 1511 417 1587 eademqne
447 1512 607 1572 verborum
644 1512 849 1588 complexione
884 1511 1017 1572 subiecta
1050 1513 1099 1572 vel
1130 1513 1295 1573 coartando
1326 1512 1376 1572 vel

253 1613 460 1691 amplificando
475 1614 580 1685 variat,
596 1614 678 1692 quod
694 1614 812 1675 dicendi
829 1633 925 1691 genus
940 1615 1037 1674 allatis
1053 1615 1199 1692 exemplis
1214 1615 1375 1677 Classenus

251 1717 367 1794 proleg.
382 1736 411 1793 p.
426 1717 579 1777 LXXXIII
602 1717 748 1794 explicat,
778 1719 816 1777 ab
844 1717 908 1777 aliIs
936 1717 1007 1777 satis
1029 1735 1181 1794 superque
1205 1718 1373 1795 expositum

252 1815 421 1890 videtur.³³)
464 1821 630 1896 Pergamus
653 1819 747 1897 igiiur
769 1820 868 1880 statim
892 1819 931 1880 ad
951 1839 1016 1880 eam
1032 1819 1158 1880 subiecti
1175 1819 1374 1880 subaudiendi

251 1922 407 1994 rationem,
430 1940 496 1982 cum
520 1940 557 1983 ex
580 1921 769 1982 antecedenti
792 1913 863 1982 casu
880 1921 1001 1999 obitque
1017 1921 1147 1982 nominis
1163 1922 1290 1983 alicuius
1306 1923 1374 1982 snb·

252 2023 361 2084 iactum
384 2022 583 2100 repetendum
606 2029 659 2084 est.

794 2247 830 2305 ll.

336 2365 402 2426 Hoc
430 2384 527 2444 genus
556 2364 675 2427 dicendi
703 2367 731 2425 In
759 2365 861 2442 lingua
888 2382 999 2442 graeca
1025 2364 1300 2443 frequentissimum
1328 2368 1373 2424 est

250 2472 342 2544 atque
371 2469 413 2527 ita
443 2472 658 2545 comparatum,
690 2471 723 2527 ut
750 2485 858 2528 nomen
886 2465 1008 2542 aliquod
1036 2485 1108 2526 casu
1139 2466 1261 2543 obIIquo
1285 2464 1372 2525 modo

251 2571 385 2632 functum
416 2571 504 2648 paulo
533 2575 602 2650 post
633 2589 687 2649 pro
716 2572 850 2631 subIecto
879 2570 1083 2647 accipIendum
1112 2589 1169 2630 neo
1197 2570 1374 2648 pronomine

252 2675 332 2751 quod
361 2675 464 2734 dicunt
491 2675 673 2751 anaphorico
701 2673 864 2733 indicatum
890 2675 938 2733 sit.
990 2675 1048 2732 Res
1076 2675 1175 2733 notior
1201 2676 1231 2732 et
1257 2673 1374 2751 pervul-

251 2779 349 2854 gatior
374 2777 469 2838 videri
493 2777 589 2849 dehet,
612 2795 700 2852 quam
724 2781 757 2836 ut
779 2777 808 2835 in
829 2775 902 2836 locis
918 2775 1152 2852 expeditioribus
1166 2793 1266 2853 neque
1283 2776 1372 2835 ullam

251 2877 453 2940 difficultatem
477 2878 689 2957 praebentibus
713 2878 823 2938 multus
845 2880 913 2955 οἰνος
936 2897 988 2939 eos
1011 2880 1110 2955 potius
1130 2880 1212 2938 locos
1227 2881 1373 2950 tractabo,

252 2982 301 3041 ubi
329 2982 421 3059 ipsius
449 2981 591 3041 orationis
618 2980 734 3040 indiciis
756 2999 816 3040 non
839 2979 1103 3057 suppeditantibus
1126 2980 1284 3057 repentina
1306 2981 1373 3040 sub·

250 3085 317 3144 iecti
341 3085 463 3144 mutatio
486 3081 680 3160 ambiguitate
703 3082 832 3160 quadam
856 3101 915 3143 non
939 3085 1035 3160 caret,
1064 3100 1178 3160 neque,
1207 3083 1371 3144 subiectum

336 3267 370 3331 81)
387 3261 450 3318 Ηυσ
468 3280 523 3318 non
542 3261 705 3319 referendus
724 3267 768 3316 est
785 3263 863 3317 locus
876 3261 1054 3316 Herodoteus
1066 3263 1088 3332 l,
1101 3267 1141 3330 16,
1158 3265 1195 3330 16,
1214 3262 1249 3316 de
1267 3277 1322 3329 quo
1335 3258 1372 3314 cf.

249 3349 277 3402 J.
297 3343 332 3402 A.
352 3347 465 3417 Heikel,
490 3350 525 3403 de
548 3348 758 3417 participiorum
783 3363 836 3402 usu
860 3347 1032 3414 Herodoteo,
1056 3347 1122 3401 diss.
1147 3344 1286 3414 Helsingf.
1308 3350 1372 3400 1884

250 3451 277 3503 p.
293 3437 348 3489 122.
828 3465 848 3485 r

338 3522 373 3586 ³²)
391 3515 556 3574 Antithesin
575 3518 603 3572 in
622 3519 724 3572 talibus
742 3517 896 3573 enuntiatis
915 3532 971 3572 non
990 3532 1100 3586 semper
1117 3516 1241 3584 reticeri,
1264 3517 1315 3570 sed
1333 3515 1374 3568 iu-

250 3605 360 3660 terdum
384 3605 464 3658 etiam
489 3603 583 3659 verbis
607 3603 726 3673 exprimi
751 3609 868 3672 apparet
892 3601 1018 3672 Thucyd.
1038 3601 1060 3666 1,
1079 3606 1152 3668 sul
1178 3595 1323 3656 ἐπέπλεόν
1341 3617 1373 3652 τε

251 3682 400 3762 οὐδέτεροι
423 3683 570 3760 ἀλλήλοις,
595 3681 668 3744 ἄλλά
752 3682 940 3758 ἀνεχώρησαν
964 3679 1009 3742 ἐπ’
1034 3679 1116 3741 οἴκου
1143 3680 1288 3757 ἑκάτεροι.
1330 3685 1372 3740 Cf.

251 3775 315 3830 Her.
329 3773 456 3844 V11,oy,
470 3779 492 3830 8.

335 3861 369 3927 ³³]
388 3858 431 3916 cf.
449 3859 591 3926 Kloucek‚
617 3857 708 3914 Uobor
726 3859 781 3912 den
800 3861 993 3927 sogonannton
1013 3855 1207 3912 Nominativus
1226 3853 1373 3909 absolutus

252 3945 296 4000 bei
308 3945 499 4016 Thucydides,
516 3943 676 3999 Leitmoritn
692 3946 766 4011 1859,
784 3956 864 4012 quem
885 3957 919 3997 ex
936 3947 1015 4011 parte
1036 3939 1318 3996 correxitBoehrnius
1337 3939 1372 3992 ad

251 4032 273 4100 1,
286 4036 328 4100 49,
342 4037 366 4085 4.
406 4029 535 4100 Sebulzo,
548 4034 655 4099 quaest.
668 4027 796 4098 Thucyd.
810 4029 877 4082 diss.
891 4028 1016 4095 Gotting.
1032 4029 1095 4081 1812
1115 4041 1141 4095 p.
1156 4031 1217 4094 isq.
1253 4024 1372 4078 Balkon-

251 4115 321 4184 boll,
345 4116 380 4170 de
402 4115 531 4184 particip.
556 4129 609 4168 usu
632 4113 760 4186 Thucyd.
785 4113 851 4168 diss.
875 4113 1000 4180 Gotting.
1028 4114 1091 4167 1881
1115 4128 1141 4180 p.
1160 4115 1239 4179 susq.
1274 4109 1372 4176 Nagel,

250 4207 356 4270 quaest.
380 4202 415 4255 ad
439 4201 567 4270 particip.
592 4189 673 4256 usum
694 4197 823 4268 Thucyd.
848 4197 997 4266 pertinent.
1021 4197 1089 4251 diss.
1112 4195 1173 4252 Hal.
1199 4198 1264 4250 1886
1286 4211 1313 4264 p.
1331 4197 1372 4248 11.

249 4285 360 4354 Ηε11ε1,
378 4286 432 4342 1ο.
451 4286 483 4358 ἐξ
497 4291 535 4341 11.
554 4289 595 4341 98.
