3130 4914
1233 307 1301 367 te

182 479 296 543 monuit
316 480 353 541 H.
369 475 553 557 Stephanus,
582 477 657 538 nlius
684 491 806 554 qnoque
833 473 994 553 seriptsres
1021 475 1063 538 ite
1089 476 1171 555 loqui
1204 484 1302 540 osten·

182 583 257 645 dens
280 582 420 662 Append.
435 580 474 642 ed
497 579 605 658 Seript
620 579 657 640 ei.
673 578 710 639 de
732 577 809 639 Diei
823 577 886 639 Au.
900 597 929 655 p.
944 583 994 640 46.
1012 577 1121 651 130.⁶³)
1165 588 1167 592 ’

268 684 394 762 Saepius
421 702 437 743 α
467 701 539 744 enen
569 682 692 759 obliquo
723 681 873 743 nominum
904 669 1002 752 πόλις
1032 682 1082 741 vei
1111 678 1193 754 ναῦς
1220 685 1303 744 notio

183 787 310 866 pluralis
338 783 477 846 πολῖται
506 786 555 846 vel
583 780 706 844 ναῦται
736 782 901 860 repetenda
930 786 988 844 est:
1018 783 1188 862 vl,100‚1
1216 771 1237 863 ἦ
1268 778 1304 845 δὲ

184 876 269 969 ἄλλη
292 876 433 968 στρατιά
455 931 461 946 .
480 931 510 946 ..
534 876 620 966 πρὸς
641 876 703 966 τὴν
725 874 837 957 πόλιν,
865 878 893 944 εί
915 877 1134 966 έπιβοηθοῑεν
1156 904 1195 946 αα
1212 879 1244 946 οἱ
1266 881 1304 946 έν

183 988 223 1068 τῇ
244 980 343 1052 πόλει
365 989 403 1064 (si
430 994 534 1052 eontra
561 1007 594 1050 se
624 990 726 1066 eopies
749 985 920 1060 mitterent),
943 977 1100 1066 ἐχώρουν.
1149 994 1218 1066 103,
1233 995 1262 1051 4.
1285 992 1307 1067 Ι,

186 1099 234 1171 12,
249 1098 279 1156 2.
301 1095 352 1165 111,
368 1096 419 1170 45,
437 1090 463 1152 i.
489 1093 540 1163 lv,
556 1095 605 1163 66,
621 1096 641 1152 4
665 1081 697 1150 ολ
718 1086 781 1150 τοῦ
805 1080 911 1170 δήμου
933 1080 1146 1169 προστάται.
1164 1136 1171 1150 .
1189 1137 1196 1152 .
1212 1088 1305 1168 ξυνέ-

185 1184 292 1276 βησάν
319 1211 354 1254 τε
380 1187 500 1272 πρῶτα
525 1186 586 1272 μὲν
608 1178 652 1251 τὰ
672 1177 784 1271 μακρὰ
805 1186 896 1272 τείχη
918 1182 1008 1251 ἓλεῑν
1034 1176 1255 1272 Ἀθηναίους.
1274 1239 1306 1254 ..

186 1288 300 1358 ἔπειτα
322 1289 358 1356 δὲ
381 1289 438 1356 καὶ
458 1285 522 1374 τήν
546 1283 618 1356 όνω
639 1284 741 1355 πόλιν
763 1291 946 1373 πειρᾶσθαι
969 1287 1141 1355 ἐνδοῦναι·
1170 1286 1254 1382 ῥᾷον
1277 1282 1307 1356 δ

187 1387 249 1480 ἤδη
272 1390 413 1477 ἔμελλον
435 1386 688 1478 προσχωρήσειν
708 1385 835 1457 τούτου
858 1391 1080 1478 γεγενημένου
1102 1416 1144 1482 se..
1160 1391 1193 1457 σί
1216 1390 1253 1457 έν
1267 1396 1307 1476 τῇ

186 1488 258 1562 ἄνω
280 1490 386 1560 πόλει.
420 1501 500 1561 ¹Non
528 1500 599 1560 setis
629 1504 769 1561 accurate
793 1499 954 1562 Classenus
982 1503 1013 1561 et
1034 1499 1167 1561 Stehlins
1189 1501 1219 1562 in
1243 1502 1308 1562 uni·

187 1621 305 1665 versum
335 1593 368 1662 οἱ
390 1591 547 1680 Μεγαρῆς
579 1602 732 1678 τετραόροις
761 1620 830 1662 nem
862 1601 898 1662 de
928 1603 998 1662 soiis
1031 1603 1198 1679 superioris
1225 1604 1308 1665 urbis
1373 1675 1378 1684 Ι

188 1707 301 1778 ineolis,
325 1706 459 1782 exeeptis
482 1705 619 1766 factionis
641 1705 795 1783 populeris
814 1705 1007 1782 principibus,
1030 1706 1222 1783 cogitandum
1242 1725 1308 1767 esse

188 1829 204 1870 e
225 1810 326 1870 verbis
349 1806 596 1868 antecedentibus
619 1808 690 1868 setis
713 1810 848 1885 apparet.
892 1809 1001 1884 Neque
1017 1826 1088 1869 vero
1104 1808 1163 1869 hue
1179 1810 1310 1888 pertinet

187 1913 271 1974 loeus
286 1913 321 1983 V,
337 1915 422 1988 47‚6
444 1915 516 1981 τοῖς
538 1902 574 1971 δὲ
596 1906 784 1989 βοηθοῦσιν
805 1901 825 1988 ἡ
849 1899 948 1980 πόλις
970 1893 991 1988 ἡ
1015 1903 1195 1988 πέμπουσα
1210 1927 1309 1991 παρε·

187 2006 273 2093 χέτω
300 2006 394 2093 μέχρι
418 2005 480 2089 μὲν
507 2000 692 2091 τριάκοντα
717 1995 851 2090 ἡμερῶν
878 2019 975 2070 σῖτον
998 1998 1083 2092 ἐπῆν
1106 2003 1253 2074 ἔλθωσιν
1277 2006 1310 2084 ές

188 2106 253 2194 τὴν
282 2103 385 2174 πόλιν
414 2103 476 2192 τὴν
507 2105 750 2191 έπαγχείλασαν
778 2109 946 2193 βοηθεῖν,
969 2109 1025 2176 καί
1056 2101 1194 2175 ἀπιοῦσι
1224 2106 1312 2175 κατὰ

190 2203 309 2278 ταῦτά·
332 2205 374 2297 ἤν
390 2210 426 2276 δὲ
440 2209 583 2276 πλείονα
598 2205 789 2289 βούλωνται
802 2205 929 2295 χρόνον
944 2214 985 2297 τῇ
1000 2211 1140 2300 στρατιᾷ
1153 2215 1310 2299 χρῆσθαι,

190 2304 332 2400 ἡπόλις
359 2303 379 2398 ἦ
406 2312 689 2398 μεταπεμψαμένη
718 2306 841 2377 διδότω
868 2324 963 2378 σῑτον
1087 2321 1164 2380 Nem
1192 2327 1312 2388 servate

191 2417 344 2501 scriptura!
370 2421 506 2484 eodieum
533 2409 725 2494 βούλωνται
756 2422 798 2482 ite
832 2421 907 2482 haee
937 2424 1117 2499 interpretes
1145 2424 1316 2502 explicere-y

191 2530 269 2598 runt,
293 2531 326 2586 nt
347 2525 493 2603 pluralem
517 2523 555 2584 nd
578 2513 642 2602 τὴν
663 2512 766 2584 πόλιν
784 2513 847 2603 τὴν
867 2515 1113 2604 έπαγγείλασαν
1128 2527 1218 2603 paulo
1241 2532 1312 2588 ente

164 2632 383 2696 ‚memoratum
410 2617 497 2686 κατὰ
518 2616 653 2687 σύνεσιν
680 2626 871 2689 referendum
900 2645 966 2688 esse
988 2628 1131 2689 dicerent
1161 2630 1215 2690 nt
1236 2629 1312 2691 bene

181 2735 294 2802 monet
316 2730 457 2803 Statilius,
482 2733 556 2804 tum,
586 2747 624 2790 ne
646 2715 906 2790 eliud‘videretur
929 2728 1037 2791 deinde
1060 2731 1225 2793 subiectum
1248 2749 1313 2793 esse

189 2835 310 2904 ,omissis
332 2834 431 2894 verbis
445 2815 467 2910 ἦ
482 2821 582 2904 πόλις
597 2815 617 2910 ἡ
632 2827 924 2913 μεταπεμψαμένη,
948 2834 1034 2910 sequi
1049 2833 1189 2895 debuisse
1205 2822 1314 2894 διδόν-

193 2953 275 3010 των,
305 2955 401 3014 enque
429 2936 466 2996 de
493 2953 585 2996 eausa
606 2933 827 2996 Kirehhoifinm
855 2939 978 2996 secutus
1005 2923 1165 3017 βούληται
1187 2937 1314 3014 sempsit,

194 3043 228 3100 ut
253 3038 415 3115 singularis
441 3035 480 3097 ed
507 3020 527 3116 ἡ
554 3025 654 3107 πόλις
675 3019 696 3114 ἡ
719 3031 1001 3117 μεταπεμψαμένη
1024 3036 1197 3110 referretur,
1224 3039 1315 3099 inter-

194 3141 366 3219 punetiunis
388 3140 525 3200 nimirum
548 3139 634 3217 signe
656 3143 725 3216 post
745 3133 1028 3218 μεταπεμψαμένη
1050 3140 1206 3200 translato.

280 3245 347 3304 Duo
371 3246 440 3304 sunt
462 3241 528 3319 loei,
550 3243 581 3302 in
605 3240 713 3318 quibus
735 3259 751 3301 e
774 3259 845 3302 easu
869 3241 992 3318 obliquo
1007 3241 1134 3302 neminis
1150 3238 1230 3314 ναῦς
1245 3243 1317 3304 sub·

196 3348 303 3408 ieetnm
328 3338 360 3406 ui
383 3340 503 3405 ναῦται
525 3344 720 3423 repetendum
737 3349 793 3406 est:
816 3345 854 3422 H,
866 3349 946 3422 83,5
964 3335 1060 3417 ἐντὸς
1075 3342 1293 3405 ποιοῦνται..
1308 3392 1314 3405 .

194 3443 297 3509 πέντε
312 3445 395 3519 ναῦς
410 3438 469 3519 τὰς
485 3434 604 3525 ἄριστα
618 3435 793 3520 πλεούσας,
810 3432 904 3517 ὅπως
920 3439 1094 3508 έκπλέοιεν
1109 3437 1164 3507 διὰ
1178 3441 1317 3527 βραχέος

196 3539 482 3630 παραγιγνόμεναι
497 3541 582 3610 suoi
599 3541 635 3608 έν
649 3555 721 3620 ταῖς
736 3543 837 3608 πέντε
851 3543 981 3623 ναυσίν,
1005 3555 1035 3611 et
1050 3551 1102 3622 ΙΙΙ,
1114 3553 1164 3628 49,
1176 3555 1195 3612 3
1210 3565 1317 3628 παρα·

197 3642 436 3714 σκευασόντων
459 3646 494 3713 δὲ
523 3648 594 3712 τῶν
616 3645 856 3730 Μυτιληναίων
885 3646 1058 3730 πρέσβεων
1079 3649 1122 3730 τη
1143 3646 1201 3734 νηί
1221 3641 1319 3712 οίνον

282 3851 317 3916 ⁶⁸)
334 3849 469 3921 Exempla
491 3848 661 3916 Herodotus,
685 3863 757 3918 quae
781 3848 894 3918 quidem
917 3850 953 3904 ud
976 3853 1169 3917 argumentum
1184 3845 1320 3904 'subiecta

198 3935 263 4003 sint,
282 3939 393 4005 praesto
412 3941 478 3992 sunt
489 3933 570 3989 haee:
583 3933 661 4003 Vlil,
675 3939 715 4002 31,
728 3938 744 3987 4
756 3928 784 3989 oi
800 3932 944 3990 Θεσσαλοί
962 3977 968 3990 .
981 3975 988 3989 .
1001 3973 1008 3988 .
1028 3928 1165 4004 ἐγένοντο
1178 3926 1320 4003 ἡγεμόνες

197 4024 239 4092 τῷ
258 4014 398 4094 βαρβάρῳ
417 4023 466 4089 τῆς
484 4011 562 4075 δδοῦ.
591 4012 624 4074 ἐκ
642 4015 698 4087 μὲν
717 4014 748 4088 δὴ
768 4023 818 4088 τῆς
840 4017 988 4091 Τρηχινίης
1008 4013 1037 4082 ἐς
1056 4014 1107 4089 τὴν
1125 4015 1239 4089 Δωρίδα
1259 4013 1320 4074 ἐσέ-

197 4108 288 4177 βαλον
305 4119 345 4159 se.
363 4100 392 4159 οί
408 4099 552 4176 βάρβαροι
575 4101 638 4171 VII,
661 4107 717 4172 126,
735 4109 759 4159 i.
783 4096 851 4159 οὔτε
875 4099 931 4175 γὰρ
951 4142 997 4159 ...
1020 4095 1075 4157 tter
1093 4121 1136 4168 τις
1154 4095 1189 4157 ἂν
1206 4098 1320 4169 λέοντα,

199 4184 267 4246 οὔτε
292 4186 366 4262 πρὸς
392 4184 517 4260 ἑσπέρης
535 4230 582 4245 ...
601 4180 662 4244 ἀλλ’
685 4184 717 4245 έν
735 4193 769 4258 τῇ
786 4184 895 4256 μεταξὺ
913 4184 1025 4243 τούτων
1043 4191 1102 4242 τῶν
1120 4192 1261 4256 ποταμῶν
1279 4186 1321 4258 γί-

198 4292 298 4330 νονται
315 4290 354 4332 se.
372 4270 401 4330 ολ
418 4269 545 4340 λέοντες.
