3130 4914
1271 327 1311 384 31

182 491 325 553 eiusdem
353 492 481 552 nominis
507 492 616 568 plurali
643 490 827 568 repetendus
848 491 895 552 sit
939 492 1099 568 Exempla,
1130 507 1208 569 quae
1230 491 1312 570 apud

182 593 400 671 Thucydidem
427 613 487 654 non
516 594 721 669 inveniuntur,
752 611 788 652 ea
812 593 957 654 Herodoti
981 593 1065 653 libris
1089 593 1162 653 haec
1185 595 1313 655 collecta

182 697 301 758 habeo:
328 699 474 777 1,1eo‚8
500 684 699 755 παιδεύουσι
726 689 762 752 δὲ
788 685 868 765 τούς
896 690 1097 766 παῖδας
1122 690 1203 773 πρὶν
1231 683 1310 773 oti}

183 793 375 880 πενταέτης
396 794 542 878 γένηται,
565 785 629 857 ούκ
652 782 846 858 ἀπικνέεται
868 790 901 868 ἐς
923 786 1006 875 ὄφιν
1025 796 1076 876 τῷ
1091 793 1203 878 πατρίρ
1229 786 1312 857 ἀλλὰ

185 889 283 980 παρὰ
296 899 372 978 τῇσι
387 895 520 980 γυναιξὶ
535 895 665 959 δίαιταν
682 890 747 978 ἔχει
761 917 802 960 sc.
819 883 838 957 ό
855 905 941 969 παῖς.
964 901 1001 978 ΙΙ,
1013 904 1063 977 68,
1073 905 1100 961 2.
1123 902 1313 978 1v,119,1e.
1415 955 1419 962 .

188 1009 262 1084 190,
274 1010 304 1066 4.
347 1005 486 1065 Oeterum
511 1004 548 1064 de
571 1009 679 1065 natura
701 1023 736 1063 ao
759 1003 788 1061 vi
811 1003 901 1064 huius
923 1004 952 1062 in
969 1004 1153 1080 singularem
1169 1006 1314 1065 transitus

187 1110 229 1170 cl.
245 1123 326 1186 quae
348 1109 465 1186 prolata
486 1112 558 1169 sunt
580 1127 607 1186 p.
625 1112 673 1168 15.

730 1381 782 1440 111.

278 1501 386 1576 ania
408 1519 486 1578 quae
508 1499 607 1560 adhuc
626 1501 822 1560 tractavimus
838 1501 977 1580 exempla
991 1501 1032 1562 ita
1047 1507 1220 1581 comparata
1235 1507 1314 1579 sunt,

193 1609 227 1664 ut
249 1606 298 1665 vel
321 1623 337 1665 e
360 1603 555 1686 praecedeuti
578 1603 768 1664 substantivo
791 1604 1011 1666 substantivum
1033 1605 1083 1666 vel
1106 1607 1313 1683 eprouomine

193 1724 358 1784 pronomen
393 1706 516 1766 subiecti
551 1705 619 1767 loeo
649 1706 844 1783 repetendum
875 1707 922 1767 sit.
974 1709 1078 1768 Restat
1105 1713 1139 1768 ut
1168 1708 1206 1768 de
1235 1728 1314 1770 nono

193 1809 342 1871 vocabulo
370 1807 496 1869 subiecti
522 1807 624 1868 verbis
652 1825 713 1868 non
739 1809 862 1887 ascripti
888 1808 954 1868 vice
981 1807 1120 1869 iuncturo
1148 1828 1164 1870 e
1192 1829 1315 1887 praeee-

193 1911 277 1974 deuti
309 1909 443 1972 eiusdem
477 1908 596 1987 quidem
631 1911 746 1988 stirpis,
778 1909 831 1970 sed
862 1909 999 1970 diversae
1032 1911 1136 1971 classis
1165 1912 1315 1972 vocabulo

194 2013 341 2076 eliciendo
368 2013 577 2093 exponendum
604 2012 752 2074 videatur.
795 2013 888 2074 Ouios
914 2015 1048 2090 generis,
1078 2018 1181 2092 utpote
1209 2017 1316 2076 ceteris

194 2117 232 2179 de
254 2118 362 2195 qulbus
384 2135 477 2195 supra
499 2115 611 2178 dictum
633 2120 680 2177 est
701 2120 808 2193 suapte
824 2120 933 2177 natura
949 2117 1157 2194 insolentioris,
1178 2119 1315 2196 exempla

195 2240 293 2298 pauca
313 2225 385 2282 sunt
404 2219 486 2297 apud
501 2218 719 2297 Thucydidem.
762 2220 807 2279 Au
822 2220 950 2296 primum
967 2219 1089 2298 quidem
1105 2220 1233 2282 subiecti
1248 2221 1314 2282 loco

195 2323 392 2401 repetendum
415 2306 461 2384 est
1028 2313 1030 2320 '

281 2432 307 2487 1.
341 2424 561 2487 substantivum
585 2444 622 2485 ex
645 2429 774 2502 cognato

280 2526 310 2601 a)
342 2527 491 2589 adiectivo
514 2529 551 2605 11,
565 2531 649 2605 tini
672 2519 702 2585 εί
725 2521 761 2585 όέ
781 2543 821 2604 με
845 2521 896 2585 θεῖ
915 2520 973 2586 καὶ
988 2522 1178 2607 γυναικείας
1193 2545 1226 2586 τι
1243 2513 1315 2607 όρε-

194 2627 263 2710 τῆς,
286 2615 360 2689 όσαι
382 2626 445 2688 νῦν
468 2622 506 2688 ἒν
526 2623 640 2709 χηρείᾳ
656 2618 788 2687 ἐ’σονται
804 2624 857 2704 (sc.
871 2627 1048 2708 γυναῖκες),
1069 2625 1314 2710 μνησθῆναιθῦ)

279 2732 311 2804 b)
345 2752 361 2792 e
391 2733 484 2793 verbo
507 2733 530 2806 l,
545 2735 628 2808 91,1
659 2727 731 2791 τῶν
761 2725 797 2790 δὲ
828 2719 944 2790 ἄλλων
973 2717 1231 2810 ἀφικνουμένων
1259 2725 1317 2790 καὶ

195 2831 311 2911 σαφοῦς
333 2823 618 2913 κατηγορούντων
640 2819 693 2893 ότι
713 2828 887 2912 τειχίζεται
909 2851 944 2892 τε
968 2829 1024 2892 καὶ
1046 2824 1110 2914 ἤδη
1133 2825 1220 2912 ύψος
1235 2833 1316 2912 λαμ·

195 2926 290 3013 βύνει
312 2956 353 2997 se.
367 2924 408 2996 τό
430 2942 549 3013 τεῖχος,
572 2936 653 3013 quod
677 2955 693 2995 e
715 2937 869 3012 superiore
892 2931 1068 3014 τειχίζεται
1087 2935 1317 3014 subaudiretur

196 3041 330 3103 similiter
353 3042 375 3116 1,
389 3043 441 3117 90,
458 3044 485 3099 2.
508 3041 696 3118 v111,90,4.
718 3040 756 3116 Π,
771 3043 800 3116 8,
816 3044 844 3100 3.

281 3149 308 3206 2.
342 3142 529 3219 participium
553 3161 570 3202 e
598 3143 718 3202 nomine
747 3141 936 3203 substantivo
960 3144 1125 3218 V11‚ao‚4
1147 3131 1317 3221 πρότερον

195 3240 257 3324 μέν
283 3232 346 3324 γὰρ
372 3241 520 3323 βραχεῖαι
547 3233 740 3322 γιγνόμεναι
768 3235 957 3318 αίίσβολαὶ
979 3233 1042 3303 τόν
1063 3231 1167 3303 ίίλλον
1189 3234 1316 3323 χρόνον

196 3346 255 3426 τῆς
277 3345 336 3427 γῆς
358 3332 543 3406 ἀπολαύειν
565 3330 628 3405 ούκ
651 3336 817 3405 ἐκώλυον·
842 3333 919 3406 τότε
935 3340 971 3406 δὲ
991 3344 1137 3425 ξυνεχῶς
1153 3339 1317 3426 ἑπικαθη·

195 3445 307 3529 με’νων
329 3469 369 3509 so.
385 3447 455 3509 τῶν
477 3438 705 3522 ἐσβαλόντων.
749 3451 774 3508 Ε
796 3449 954 3526 participio
975 3468 1083 3510 nomeu
1099 3450 1317 3510 substantivum

198 3552 438 3614 subaudiendum
462 3570 527 3613 esse
550 3553 619 3612 elim
643 3555 813 3612 statuerunt
834 3553 1014 3629 interpretes
1039 3554 1072 3630 V,
1088 3556 1172 3627 47,6
1195 3558 1267 3621 τοῖς
1283 3545 1318 3612 δὲ

196 3653 386 3736 βοηθοῦσιν
408 3637 428 3733 ἦ
451 3643 549 3727 πόλις
576 3638 597 3732 ἡ
624 3648 802 3732 πέμπουσα
829 3648 1003 3732 παρεχέτω
1027 3649 1121 3733 μέχρι
1142 3650 1204 3732 μὲν
1226 3644 1319 3733 τριό-

197 3774 305 3816 κοντα
331 3741 466 3838 ἡμερῶν
492 3763 589 3817 σῖτον
619 3743 703 3832 ἐπὴν
732 3747 830 3832 ἔλθη,
862 3756 911 3817 ubi
942 3776 958 3816 e
988 3753 1177 3836 βοηθοῦσιν
1210 3775 1317 3817 nomen

198 3842 218 3938 ἦ
238 3849 379 3941 βοήθεια
403 3859 600 3937 repetendum
623 3875 688 3919 esse
711 3858 881 3918 censebant
925 3859 983 3919 Sed
1006 3859 1179 3937 priusquam
1203 3858 1240 3918 de
1262 3857 1320 3919 hoe

283 4039 316 4106 55)
335 4039 399 4093 Her.
412 4035 448 4106 11,
460 4042 526 4106 eeu
546 4031 635 4093 ἐοῦσα
653 4034 710 4107 γὰρ
728 4027 873 4105 Αίγνπτος
891 4026 1018 4108 όμουρος
1035 4040 1069 4104 τῇ
1082 4031 1174 4107 Λιβύη
1192 4026 1226 4090 ου’
1238 4029 1317 4102 μύλα

198 4119 344 4195 θηριώδης
362 4118 437 4179 ἐστί·
456 4117 492 4176 τὰ
510 4119 540 4178 δέ
561 4114 647 4178 ἐόντα
667 4137 718 4191 σφι
737 4111 851 4175 ἅπαντα
870 4115 918 4192 ίριί
936 4117 1104 4187 νενόμισται
1123 4135 1161 4175 se.
1181 4117 1280 4189 θηρία.

284 4210 318 4278 ⁵⁶)
337 4209 402 4263 Her.
414 4207 463 4276 IX,
477 4213 528 4277 8,·l
549 4201 675 4276 ἐτείχεον
694 4199 821 4276 σπονδὴν
839 4199 955 4276 ἔχοντες
972 4200 1081 4275 πολλὴν
1104 4200 1211 4268 πάντες
1229 4205 1321 4259 Πελο-

197 4289 356 4363 ποννήσιοι,
373 4290 426 4348 καί
442 4311 493 4362 σφι
511 4283 545 4362 ἦν
562 4287 637 4363 πρὸς
655 4287 732 4347 τέλει
751 4307 790 4346 so.
808 4287 841 4346 τὸ
861 4298 963 4361 τεῖχος.
