3130 4914
246 323 263 379 6

245 485 378 563 libertas,
400 504 466 544 cum
490 491 607 546 veteres
630 489 721 561 atque
737 485 844 545 Graeci
868 486 992 545 maxime
1014 504 1059 561 ea,
1081 504 1159 562 quae
1182 485 1233 545 alii
1253 485 1364 546 diserte

245 592 275 648 et
296 588 386 664 plane
409 587 581 664 enuntiant,
609 587 775 663 praedicati
803 591 918 648 tantum
947 587 1047 664 quoad
1076 589 1138 648 eius
1161 587 1260 648 facere
1282 591 1364 665 pote-

245 694 313 750 rant
336 706 457 749 numero
481 689 529 747 vel
551 706 663 765 genere
680 689 786 749 leviter
803 688 985 764 significasse
1001 689 1073 748 satis
1093 688 1251 766 habebant,
1273 708 1362 766 quam

245 792 283 850 sit
305 792 390 850 varia
414 808 563 867 quamque
579 791 686 850 multas
702 791 870 868 legentibus
885 790 1029 868 praebeat
1044 789 1245 868 difficultates,
1267 809 1363 850 exem·
1456 821 1458 826 v

245 894 304 971 plis
327 912 343 953 e
367 893 450 953 libris
470 891 667 970 Thucydidis,
691 892 916 970 locupletissimi
938 893 1165 971 gravissimique
1181 893 1363 953 Graecorum

244 1013 344 1054 rerum
368 994 532 1070 scriptoris,
554 995 654 1071 petitis
677 995 826 1071 copiosius
849 995 1001 1072 explicare
1024 995 1276 1073 operaepretium
1293 995 1363 1054 mihi

162 1167 164 1173 y
244 1097 340 1156 visum
364 1099 422 1174 est,
453 1095 629 1172 subscriptis
657 1097 743 1156 simul
765 1095 804 1155 ad
827 1097 1058 1173 comparandum
1082 1099 1112 1157 in
1136 1097 1269 1174 margine
1292 1098 1364 1158 locis

245 1198 387 1258 similibus
410 1197 461 1274 qui
483 1198 678 1258 inveniuntur
702 1198 781 1275 apud
804 1197 1000 1259 Herodotum.

330 1301 430 1376 Atque
453 1300 644 1376 componenti
668 1299 738 1359 milri
761 1303 790 1360 et
806 1299 954 1376 digerenti
971 1301 1122 1361 materiam
1138 1303 1201 1361 tota
1217 1319 1363 1362 commen-

245 1402 317 1478 tatio
343 1402 374 1460 in
401 1407 462 1460 tres
490 1405 592 1478 partes
619 1399 780 1460 dividenda
806 1393 938 1477 videtur,
969 1420 1096 1478 quarum
1124 1420 1183 1461 una
1209 1419 1261 1462 eos
1283 1403 1365 1463 locos

245 1504 435 1581 complectar,
456 1504 487 1562 in
510 1504 618 1580 quibus
639 1503 858 1564 substantivum
874 1505 997 1581 aliquod
1013 1505 1135 1565 subiecti
1151 1505 1218 1564 vice
1234 1504 1364 1580 fungens

244 1607 274 1666 in
306 1609 400 1667 altero
431 1605 615 1683 praedicato,
644 1607 737 1684 priori
768 1606 850 1683 qnod
880 1625 945 1667 enm
978 1607 1112 1668 subiecto
1141 1609 1279 1684 congruit
1314 1608 1364 1667 ad·

244 1709 355 1785 iuncto,
383 1708 440 1767 alia
471 1711 561 1785 atque
593 1709 734 1785 scriptum
765 1708 900 1768 videmus
930 1708 1026 1769 forma
1049 1709 1281 1786 intellegendum
1313 1714 1366 1770 est

182 1898 187 1912 Ι
245 1811 348 1871 Altera
369 1829 439 1887 pars
462 1815 507 1869 est
529 1809 566 1869 de
588 1811 724 1870 subiecto
747 1829 763 1870 e
785 1827 856 1870 casn
873 1810 995 1888 obliquo
1012 1811 1186 1888 repetendo.
1229 1812 1364 1872 Tertium

244 1931 339 1988 genus
362 1916 419 1990 est,
451 1930 517 1972 cnm
541 1912 629 1972 etiam
653 1931 763 1972 novum
787 1912 909 1989 aliquod
932 1913 1108 1973 vocabulum
1132 1932 1149 1973 e
1171 1914 1366 1990 praecedenti

246 2014 380 2076 eiusdem
403 2015 514 2093 stirpis,
536 2013 589 2074 sed
612 2014 750 2074 diversae
773 2015 877 2074 classis
899 2014 1045 2075 vocabulo
1069 2014 1246 2075 eliciendum
1269 2019 1322 2076 est.

797 2254 820 2313 1.

330 2371 378 2432 Ab
400 2371 513 2448 apertis
535 2371 627 2448 igitur
650 2371 688 2432 ad
711 2371 896 2449 impeditiora
918 2372 1123 2450 progredienti
1148 2374 1217 2433 milri
1237 2373 1365 2451 primum

245 2474 282 2535 de
305 2473 438 2534 subiecto
461 2474 562 2550 aliquo
586 2473 678 2533 semel
700 2473 812 2552 posito,
841 2474 893 2533 sed
921 2475 966 2534 bis
989 2480 1018 2534 et
1040 2475 1132 2536 altero
1156 2475 1275 2552 quidem
1298 2477 1365 2536 loco

245 2577 342 2638 forma
365 2576 496 2654 diversa,
517 2577 637 2637 notione
660 2579 760 2636 tamen
783 2577 870 2636 simili
894 2580 923 2637 et
942 2578 980 2637 ab
1001 2578 1105 2639 eadem
1122 2579 1215 2656 stirpe
1231 2579 1366 2640 derivata

244 2678 448 2755 intellegendo
475 2696 622 2755 quaerere
651 2682 694 2738 est
722 2680 917 2756 propositum.
963 2678 1029 2754 Qua
1059 2681 1143 2740 inre
1167 2699 1246 2757 quae
1269 2682 1365 2757 primo

245 2782 310 2842 loco
334 2780 491 2841 tractanda
512 2779 655 2840 videntur
677 2779 715 2839 ad
737 2779 898 2857 figuratum
921 2799 1088 2842 sermonem
1108 2783 1260 2859 pertinent
1274 2786 1366 2860 atque

246 2883 284 2943 ad
308 2899 372 2943 eam
397 2881 517 2959 quidem
541 2882 691 2942 licentiam
715 2900 804 2960 qnam
827 2881 934 2943 Graeci
957 2879 1062 2962 σχῆμα
1085 2873 1169 2962 πρὸς
1191 2872 1231 2943 τὸ
1255 2895 1366 2964 νημαι·

245 2972 398 3062 νόμενον,
429 2983 681 3043 constructionem
710 2983 747 3042 ad
771 3001 891 3044 sensnm
915 2985 1015 3044 Latini
1039 2983 1184 3058 vocant.·'²)
1228 2986 1366 3048 Audacia

245 3086 303 3144 hoc
334 3104 454 3163 quoque
485 3085 515 3144 in
545 3103 658 3162 genere
691 3085 809 3146 dicendi
841 3091 957 3147 ceteros
987 3087 1366 3168 supe1·atThuoydides⁶),

245 3187 393 3264 quemad
417 3187 660 3266 perlustrandum
684 3190 809 3266 propius
831 3191 888 3249 iam
913 3189 1101 3251 accedamus.

331 3290 376 3349 Ac
402 3291 528 3366 primum
561 3289 681 3366 quidem
710 3291 748 3350 de
776 3294 890 3352 mutato
918 3296 987 3369 post
1015 3294 1136 3353 nomina
1157 3293 1313 3353 collectiva
1335 3293 1365 3354 in

245 3391 425 3469 praedicatis
453 3409 576 3451 numero
604 3392 769 3453 videamus.
813 3394 889 3453 Nam
913 3391 950 3454 de
973 3395 1125 3454 notissima
1147 3395 1197 3455 illa
1219 3397 1366 3456 sermonis

330 3575 353 3638 5)
379 3573 422 3626 De
446 3571 543 3643 synesi
565 3577 629 3641 post
652 3572 793 3628 Baiterum
817 3573 847 3628 in
872 3589 990 3629 excursu
1014 3575 1049 3628 X.
1085 3575 1202 3630 Isocrati
1219 3575 1366 3631 Bremiano

245 3659 354 3714 adiecto
377 3658 463 3712 unius
490 3659 607 3712 oratoris
631 3658 700 3712 locis
726 3675 807 3714 usum
832 3661 987 3714 summatim
1016 3660 1150 3715 disseruit
1167 3660 1366 3731 Bernhardius,

245 3743 362 3812 paralip.
380 3747 453 3812 synt.
473 3758 513 3811 gr.
532 3758 559 3810 p.
573 3747 603 3796 25
611 3757 652 3812 sq.

226 3869 228 3872 .
330 3829 352 3898 ⁶)
371 3828 404 3881 In
422 3827 471 3882 illa
489 3843 538 3896 per
556 3833 640 3881 totam
654 3827 824 3883 Graecorum
842 3829 992 3884 orationem
1012 3836 1164 3898 pervagata
1181 3831 1295 3886 licentia
1310 3832 1365 3886 Ho-

248 3929 352 3970 merum
369 3913 563 3968 modestiorem
578 3927 640 3967 esse
654 3912 985 3984 demonstratLalloche,
998 3914 1077 3970 Stnd.
1090 3915 1200 3971 Homer.
1213 3933 1240 3986 p.
1250 3921 1281 3972 91
1293 3918 1368 3987 adn.;

246 4001 412 4069 omninoque
430 4015 486 4068 quo
503 3998 672 4052 recentiores
691 3998 747 4052 sint
765 4000 918 4068 scriptores
938 4015 971 4056 eo
989 4000 1101 4056 facilins
1120 4002 1190 4057 tales
1202 4002 1232 4056 in
1244 4003 1366 4057 numeris

246 4092 275 4141 et
304 4085 454 4153 generibus
482 4084 617 4138 transitus
643 4084 799 4139 concedere
826 4085 920 4140 disces
947 4101 963 4141 e
986 4086 1087 4142 Bernh.
1110 4089 1127 4143 l.
1145 4103 1168 4144 c.
1214 4085 1256 4144 Cf.
1284 4089 1366 4143 etiam

245 4171 272 4226 J.
291 4170 405 4224 Wrobel
424 4170 458 4224 de
477 4169 600 4238 generis,
623 4169 732 4224 numeri
755 4185 926 4240 casuumque
949 4172 1125 4227 anacoluthia
1150 4173 1226 4244 apud
1244 4175 1366 4244 tragicos

245 4269 369 4324 graecos,
389 4254 458 4308 diss.
477 4253 678 4310 Vratisl.1865.

686 4442 876 4520 J
