3146 4922
245 281 285 340 26

245 458 331 528 ησαν
354 447 531 508 exeuntibus
554 451 648 525 putet.
689 447 753 523 VH,
770 451 818 524 23,
835 453 863 510 3.
906 448 955 510 Bis
976 447 1121 524 deinceps
1143 449 1276 508 mutatur
1297 446 1364 508 sub-

244 551 371 626 iectum,
393 549 447 610 sed
477 549 532 626 ita,
562 555 596 610 ut
624 550 719 612 altero
740 551 807 611 loco
830 551 901 612 novi
924 550 1004 612 illius
1027 567 1064 610 ex
1086 549 1122 610 iis
1144 567 1222 626 quae
1244 564 1366 626 praeoe-

245 652 321 714 duut
343 652 462 730 repetiti
483 652 608 714 subiecti
629 653 758 714 ambitus
780 652 932 714 minuatur
957 654 1007 729 IV,
1019 655 1099 731 48,1
1121 643 1154 722 ἐς
1167 645 1227 730 μὲν
1244 637 1365 730 ἄνδρας

245 742 406 830 ἑξήκοντα
428 743 555 814 ἔλαθον
570 744 616 825 (οἱ
631 749 844 833 Κερκυραῖοι)
859 738 940 824 τούς
959 744 995 812 ἐν
1015 750 1065 832 τῷ
1080 742 1237 832 οἰκήματι
1252 741 1366 832 τούτῳ

245 852 295 933 τῷ
317 840 435 934 τρόπῳ
458 844 676 934 ἐξαγαγόντες
699 851 755 915 καὶ
778 851 1060 935 διαφθείραντες.
1078 899 1084 915 .
1102 901 1119 927 .,
1148 857 1206 914 iam
1229 856 1366 932 pergitur

245 959 275 1018 in
299 957 473 1033 parenthesi
496 945 609 1036 ᾤοντο
637 943 699 1037 γάρ
722 942 849 1029 αύτούς
870 947 1139 1037 μεταστήσοντάς
1161 973 1222 1018 ποι
1244 943 1365 1016 άλλοσε

246 1045 338 1138 άγειν
361 1077 401 1120 se.
413 1049 446 1120 οί
469 1049 505 1118 ἐν
525 1057 574 1139 τῷ
591 1049 754 1139 οἰκήματι.
800 1060 848 1120 Ad
864 1061 1055 1122 illudentem
1071 1060 1152 1137 qnod
1168 1043 1366 1138 sequituroig

246 1155 282 1222 δὲ
305 1148 455 1238 ᾔσθοντο
484 1181 544 1223 non
572 1180 676 1224 omncs
703 1164 846 1242 captivos,
878 1162 933 1225 scd
959 1167 1085 1240 excepto
1109 1181 1210 1224 eorum
1234 1179 1366 1238 numero,

246 1264 299 1342 qui
325 1263 384 1324 iam
412 1265 524 1340 egressi
553 1268 584 1326 et
610 1265 754 1326 trucidati
775 1270 874 1338 erant,
902 1265 1121 1343 intellegendos
1148 1283 1214 1326 esse
1241 1283 1279 1326 ex
1301 1265 1366 1343 ipsa

246 1366 420 1429 narratione
444 1370 579 1444 apparet.

332 1469 438 1530 Mirum
466 1469 545 1530 illam
574 1459 714 1534 subiecti
728 1471 816 1532 modo
839 1469 1072 1532 deminutionem
1096 1469 1184 1531 modo
1207 1469 1366 1547 amplitica-

247 1572 356 1633 tionem
383 1571 414 1632 iu
444 1589 504 1632 uno
537 1570 702 1651 eodemque
732 1571 874 1633 orationis
902 1573 1028 1634 ciucuitu
1054 1570 1136 1649 apud
1159 1570 1366 1647 Thucydidem

246 1673 521 1751 frequentissimam
544 1692 609 1736 esse
632 1692 723 1752 supra
747 1675 922 1736 monuimus.
967 1673 1100 1735 Eandem
1117 1674 1262 1734 sermonis
1276 1674 1366 1734 licen·

246 1774 316 1836 tiam
344 1775 493 1836 interdum
516 1776 547 1836 in
569 1777 726 1838 sententiis
750 1776 930 1839 coordinatis
952 1775 1218 1854 deprehendimus5
1248 1779 1367 1855 praeter

230 1877 342 1940 'locum
367 1876 454 1938 modo
478 1881 638 1938 tractatum
661 1879 845 1942 luculentum
869 1880 934 1940 eius
957 1878 1000 1940 rei
1017 1879 1185 1955 exemplum
1202 1881 1300 1940 exstat
1316 1877 1367 1950 111,

250 1983 331 2057 15,1
356 1970 389 2038 οἱ
411 1972 447 2038 δὲ
466 1969 725 2058 Λακεδαιμόνιοι
751 1975 807 2040 καὶ
830 1971 863 2040 oi
885 1969 1048 2059 ξύμμαχοι
1071 1970 1185 2060 ἐπειδὴ
1206 1965 1368 2058 ἥκουσαν,

246 2069 512 2160 προσδεξάμενοι
547 2073 626 2152 τούς
660 2072 781 2160 λόγους
814 2072 1006 2160 ξυμμάχους
1037 2099 1072 2141 τε
1102 2073 1182 2153 τούς
1208 2077 1369 2157 Λεσβίους

248 2173 450 2262 ἐποιήσαντο
479 2179 535 2242 καὶ
562 2175 625 2263 τὴν
653 2178 685 2255 ἐς
713 2176 775 2266 τὴν
801 2169 954 2264 Ἀττικὴν
975 2175 1118 2264 ἐσβολὴν
1140 2191 1211 2255 τοῖς
1232 2202 1269 2244 τε
1291 2185 1369 2263 ξυμ-

247 2275 364 2364 μάχοις
391 2283 537 2366 παροῦσι
564 2277 652 2347 κατὰ
676 2273 777 2365 τάχος
807 2278 953 2366 ἔφραζον
982 2279 1066 2346 ίέναι
1092 2279 1125 2358 ἐς
1152 2276 1213 2345 τόν
1235 2275 1368 2365 Ἰσθμόν

247 2394 318 2459 τοῖς
346 2373 409 2447 δύο
435 2382 569 2469 μέρεσιν
596 2372 642 2462 σός
668 2378 900 2469 ποιησόμενοι,
927 2384 984 2448 καὶ
1011 2373 1109 2448 ariaci
1137 2385 1268 2466 πρῶτοι
1294 2373 1367 2465 dci-

247 2507 352 2550 κοντα
369 2537 375 2550 .
393 2536 422 2552 ..
467 2491 599 2552 Primum
623 2481 700 2552 euim
724 2492 762 2551 ad
782 2491 988 2570 praedicatum
1007 2481 1273 2571 προσδεξάμενοι
1289 2477 1370 2563 τούς

250 2579 373 2671 λόγους
402 2581 589 2671 ξυμμάχους
616 2610 653 2652 τε
679 2584 761 2664 τούς
783 2587 945 2667 Λεσβίους
972 2579 1175 2673 ἐποιήσαντο
1203 2594 1369 2655 subiectum

248 2696 379 2774 pertinet
407 2685 439 2755 οὶ
466 2686 726 2774 Λακεδαιμόνιοι
755 2690 813 2755 καὶ
844 2687 877 2754 οὶ
905 2685 1082 2774 ξύμμαχοι,
1119 2697 1198 2757 sicut
1227 2697 1369 2773 scriptum

239 2797 387 2860 -videmus
410 2803 501 2875 atque
523 2799 567 2870 iis,
596 2816 673 2876 quae
696 2800 793 2876 capite
816 2803 923 2859 octavo
947 2803 1087 2861 enarrata
1109 2804 1188 2878 sunt,
1217 2799 1369 2877 probatur.

250 2901 416 2962 Verborum
445 2918 517 2961 vero
547 2890 692 2980 ἔφραζον
720 2906 749 2962 et
782 2885 946 2978 ἀφίκοντο
977 2902 1143 2963 subiectum
1173 2902 1252 2964 solos
1279 2901 1369 2962 Lace·

250 3003 423 3066 daemonius
446 3021 512 3065 esse
535 3022 551 3064 e
574 3004 675 3064 verbis
697 3009 769 3074 τοῖς
791 2992 973 3082 ξυμμάχοις
996 3008 1026 3064 et
1049 2991 1147 3064 αύτοί
1170 3002 1305 3066 efficitur.

336 3107 492 3168 Contraria
514 3105 640 3168 subiecti
663 3107 789 3166 variatio
812 3107 964 3167 invenitur
985 3106 1008 3184 1,
1025 3111 1105 3180 61,3
1123 3098 1156 3167 οἳ
1172 3089 1370 3185 ἀφικόμενοι

250 3201 282 3280 ἐς
311 3202 527 3268 Μακεδονίαν
560 3204 700 3287 πρῶτον
737 3197 1033 3285 καταλαμβάνουσι
1071 3198 1151 3278 τούς
1184 3202 1370 3288 προτέρους

248 3306 377 3390 χιλίους
402 3304 533 3391 Θέρμην
562 3296 637 3390 άρτι
659 3293 826 3390 ᾑρηκότας
847 3304 904 3370 καὶ
927 3299 1066 3370 Πύδναν
1089 3308 1370 3390 πολιορκοῦντας,

250 3401 563 3494 προσκαθεζόμενοι
591 3407 626 3472 δὲ
652 3406 709 3472 καὶ
740 3395 839 3472 αύτοὶ
869 3403 934 3492 την
961 3402 1100 3472 Πύδναν
1123 3402 1371 3494 ἐπολιόρκησαν

249 3510 320 3595 μέν,
344 3505 458 3575 ἔπειτα
482 3508 516 3574 δὲ
539 3501 701 3595 ξύμβασιν
723 3504 941 3596 ποιησάμενοι
963 3509 1019 3574 καὶ
1041 3511 1294 3595 ξυμμαχίαν...
1312 3501 1370 3575 άπ-

251 3615 445 3681 ανίστανται
467 3611 504 3678 ἐκ
526 3617 587 3699 τῆς
600 3613 813 3690 Μακεδονίας
829 3613 886 3678 καὶ
902 3602 1099 3697 ἀφικόμενοι
1117 3664 1123 3677 .
1141 3663 1147 3676 .
1163 3664 1169 3677 .
1187 3608 1370 3696 καὶπειρά-

251 3737 366 3794 σοντες
470 3717 527 3783 καὶ
555 3708 617 3802 ούχ
643 3711 775 3794 ἑλόντες
802 3712 1009 3802 ἐπορεύοντο
1034 3767 1098 3796 ...,
1128 3724 1179 3784 nbi
1206 3721 1369 3783 subiectum

250 3833 410 3893 verborum
434 3818 678 3893 ἀπανίστανται
783 3814 987 3909 ἐπορεύοντο
1017 3830 1059 3890 ita
1084 3829 1293 3907 amplificatum
1318 3833 1371 3900 est,

251 3942 284 3997 ut
313 3936 399 3996 simul
427 3926 507 4008 τούς
532 3930 721 4015 προτέρους
746 3927 875 4011 χιλίους
905 3932 1130 4010 complectatur.
1182 3933 1257 3991 Nam
1290 3930 1371 4007 qnod

251 4041 383 4101 editores
411 4040 536 4101 subiecti
564 4039 643 4098 illam
670 4034 928 4112 amplificationem
955 4036 1012 4094 iam
1039 4035 1069 4094 iu
1096 4033 1268 4111 praedicato
1294 4023 1369 4089 ἐπυ-

253 4134 434 4225 λιόρκησαν
460 4143 648 4205 statuendam
678 4142 814 4210 censent,
846 4139 903 4198 hoc
925 4137 1048 4196 verbum
1073 4137 1142 4196 mihi
1166 4134 1287 4211 quidem
1309 4153 1370 4195 non

252 4249 349 4310 minue
373 4266 460 4326 quam
490 4245 676 4326 participium
699 4229 1013 4320 προσκαθεζόμενοι
1036 4238 1073 4298 ad
1095 4231 1151 4296 καί
1174 4221 1272 4296 αύτοί
1295 4237 1369 4299 refe·
