3130 4914
253 300 272 355 8

339 461 396 522 Sed
427 462 501 522 haee
532 465 565 521 ut
594 461 650 521 iam
681 460 742 522 dixi
771 462 842 521 tritu
870 465 942 520 suut
968 477 1066 537 neque
1089 460 1179 536 digna
1201 459 1239 519 de
1261 460 1373 538 quibus

253 563 403 642 copiosius
430 563 604 624 disseratur.
647 564 742 640 Magis
768 562 893 624 offendit
918 561 998 640 quod
1022 570 1091 638 pust
1113 580 1220 622 numen
1243 563 1373 622 cellecti-

252 685 324 726 vum
354 665 435 725 haud
464 682 532 725 raro
562 681 756 724 numerorum
784 663 945 724 intercedit
971 664 1115 733 varietus;
1146 664 1232 722 cuins
1262 662 1372 722 discre-

253 766 375 845 pantiae
404 765 486 843 apud
509 766 717 844 Thucydidem
748 766 807 826 tria
836 783 914 842 quae
945 765 1064 826 omnino
1094 765 1217 841 cogitari
1247 770 1374 842 pessunt

253 871 448 930 inveniuntur
470 883 594 946 genera:

340 977 367 1033 1.
398 972 561 1048 Participiu
582 971 621 1031 ad
645 970 722 1030 idem
746 970 937 1031 collectivum
960 971 1140 1047 pertinentia
1154 987 1279 1031 numero
1294 972 1374 1030 iuter

253 1093 286 1136 se
309 1075 464 1151 differunt,
493 1075 534 1134 ita
559 1078 593 1133 ut
619 1074 746 1133 alterum
776 1072 815 1132 ad
844 1071 968 1132 formam
997 1071 1220 1149 grammaticam
1246 1074 1373 1132 alterum

254 1195 350 1253 aeque
373 1195 408 1237 ac
429 1176 554 1236 verbum
577 1175 692 1235 finitum
715 1175 753 1234 ad
775 1192 895 1234 sensum
916 1173 1171 1235 accommodatum
1194 1173 1242 1234 sit.
1289 1175 1373 1234 Ilius·
1406 1224 1410 1232 ,

254 1278 333 1338 modi
360 1278 497 1354 exempla
523 1278 599 1337 haec
624 1277 752 1337 eollectu
779 1276 885 1337 habeo:
923 1277 957 1348 V,
977 1280 1025 1351 10,
1043 1279 1083 1336 10
1110 1261 1150 1335 τὸ
1184 1265 1374 1354 στράτευμα

253 1377 324 1439 πᾶν
345 1366 408 1459 ἤδη
433 1375 507 1438 τῶν
530 1364 716 1457 Ἀθηναίων
740 1367 849 1456 φυγὰν
872 1375 1024 1454 χαλεπῶς
1046 1371 1103 1436 καὶ
1125 1368 1252 1447 πολλὰς
1274 1361 1375 1447 ὁδοὺς

254 1470 461 1560 τραπόμενοι
486 1524 492 1537 .
514 1524 547 1538 ..
575 1465 860 1558 ἀπεκομίσθησαν.
910 1479 979 1538 Νοιι
1009 1479 1072 1539 sine
1103 1497 1209 1557 causa,
1239 1483 1273 1540 ut
1303 1479 1373 1538 mihi

255 1582 375 1659 quidem
407 1581 537 1657 videtur,
570 1582 666 1640 altere
697 1581 762 1640 loeo
793 1580 983 1656 participium
1014 1579 1141 1656 pluralis
1163 1581 1292 1657 positum
1316 1586 1374 1657 est;

256 1703 322 1744 nam
347 1685 376 1742 in
399 1682 472 1759 iuga
495 1681 622 1742 dirersis
643 1681 800 1741 itineribus
823 1681 903 1742 facta
926 1699 986 1741 non
1014 1687 1074 1741 tam
1098 1681 1134 1741 de
1157 1685 1264 1742 cuncte
1288 1701 1374 1742 exer-

255 1787 315 1846 ertu
346 1803 435 1860 quam
466 1783 503 1843 ue
533 1784 663 1860 singulis
692 1784 836 1850 mnitibus
866 1784 1072 1858 cogitabimus.
1115 1785 1165 1861 vi,
1188 1788 1273 1856 ec,4
1295 1768 1314 1842 ὁ
1339 1777 1374 1843 οὲ

255 1881 359 1965 δῆμος
399 1871 539 1963 ἅσμενος
576 1873 690 1958 λαβών
719 1931 726 1942 .
753 1929 760 1942 .
788 1930 796 1942 .
824 1879 881 1943 καὶ
918 1875 1031 1944 δεινὸν
1067 1874 1266 1963 ποιούμενοι
1294 1931 1301 1946 .
1329 1931 1337 1945 .
1365 1930 1373 1943 .

255 1981 386 2048 ἔλυσαν.

341 2095 369 2152 θ.
401 2090 526 2150 Numeri
549 2091 627 2149 inter
649 2090 839 2166 participium
861 2095 891 2150 et
905 2089 1029 2149 verbum
1045 2089 1159 2150 finitum
1176 2090 1374 2151 differentiam

254 2191 485 2268 habes:.I]‚53‚
502 2194 518 2251 1
543 2180 627 2270 ῥᾷον
650 2177 712 2268 γὰρ
735 2175 860 2266 ἐτόλμα
881 2207 955 2260 τις.
973 2235 980 2249 .
998 2235 1003 2248 .
1021 2174 1178 2270 ὁρῶντες.
1214 2193 1265 2267 IV,
1280 2196 1329 2263 85,
1346 2198 1373 2255 6.

254 2296 307 2372 lii,
322 2292 406 2369 80,1
432 2275 450 2349 d
479 2285 514 2352 δὲ
543 2284 645 2371 δῆμος
675 2288 747 2350 τῶν
769 2287 990 2371 Κερκυραίων
1016 2283 1053 2351 ἐν
1080 2282 1193 2372 τούτῳ
1219 2281 1373 2372 περιδεὴς

254 2384 519 2473 γενόμενος...
543 2379 627 2470 ᾖσαν
650 2385 682 2464 ές
709 2382 839 2472 λόγους.
886 2396 920 2469 V,
936 2399 1020 2472 822
1044 2379 1198 2474 Άργείοον
1226 2379 1245 2453 ὁ
1272 2388 1374 2475 δῆμος

254 2482 327 2556 ιιατ>
341 2481 458 2574 ὀλίγον
480 2484 718 2572 ξονιστάμενός
739 2513 775 2555 τε
798 2490 854 2554 καὶ
870 2480 1106 2575 ἀναθαρσήσας
1122 2489 1286 2558 έπέθεντο
1302 2504 1374 2569 τοῖς

255 2584 394 2676 ὀλίγοις.Ι
436 2599 485 2670 vi,
501 2601 564 2674 4,5
595 2593 731 2675 πλῆθος
762 2585 868 2657 ἐλθὸν
889 2593 1191 2677 ξυγκατενείμαντο
1214 2590 1279 2678 τὴν
1300 2597 1398 2679 μῆν’

255 2700 300 2762 cf.
314 2704 365 2778 44,
377 2704 405 2761 2.
428 2704 478 2777 61,
489 2697 558 2773 2¹⁰)

339 2803 448 2879 Neque
478 2801 564 2862 aliter
593 2806 662 2878 pust
692 2803 812 2862 nemina
841 2803 1058 2879 geographica,
1094 2803 1144 2863 ubi
1174 2803 1268 2864 latere
1297 2803 1375 2864 solet

255 2905 336 2966 uctic
359 2903 457 2982 gentis
480 2909 532 2964 aut
555 2904 696 2977 eivitatis;
720 2903 902 2976 cf.111,a,1
927 2898 1053 2978 Λέσβος
1079 2896 1164 2984 πλὴν
1186 2895 1374 2986 Μηθύμνης

255 2994 380 3086 ἀπέστη
404 2991 460 3066 ἄπ’
475 2993 671 3086 Ἀθηναίων,
694 3001 922 3087 βουληθέντες
943 3002 1081 3086 μέν...
1105 2993 1374 3086 ἀναγκασθέντες

255 3104 364 3171 δέ...
388 3112 532 3188 v,29,2.

339 3219 368 3275 3.
401 3214 495 3274 Multo
525 3219 624 3274 autem
654 3215 774 3290 saepius
805 3216 919 3275 numeri
951 3219 1019 3291 pest
1048 3234 1157 3276 nomen
1186 3215 1372 3275 collectivum

254 3316 455 3394 discrepantia
482 3336 518 3377 ec
548 3316 690 3393 efficitur,
720 3317 801 3393 qnod
828 3318 920 3378 verbo
949 3317 1031 3378 finito
1055 3320 1085 3376 in
1107 3318 1251 3393 singulari
1275 3319 1372 3394 posito

254 3420 380 3479 alterum
412 3419 585 3496 adiungitur
615 3419 818 3495 praedicatum
850 3420 967 3496 plurale
997 3420 1081 3480 velut
1110 3421 1268 3497 11,100‚3
1296 3407 1374 3478 ddi

255 3507 399 3601 στρατὸς
421 3519 491 3581 τῶν
509 3517 653 3602 θρᾳκοόν
669 3567 675 3580 .
690 3567 697 3579 .
712 3567 717 3579 .
735 3514 871 3597 ἐσέβαλε
888 3566 936 3580 ...
953 3517 1009 3580 καὶ
1032 3510 1120 3582 εἶλεν
1137 3566 1185 3582 ...
1202 3507 1374 3600 Εέροοπὸν

339 3736 373 3802 ¹⁰)
392 3735 493 3789 Herod.
511 3735 562 3802 ΙΙΙ,
580 3740 621 3800 82,
643 3740 681 3789 12.
706 3734 756 3803 ΙΧ,
774 3740 814 3804 67,
837 3740 876 3790 10.
915 3736 1002 3791 Panic
1020 3736 1100 3790 aliter
1117 3735 1195 3804 VIII,
1214 3741 1282 3804 74,6
1301 3731 1372 3806 ἀνὴρ

254 3811 335 3890 ἀνδρὶ
358 3815 510 3888 παραστὰς
533 3824 599 3889 σιγῇ
621 3811 712 3889 λόγον
736 3815 878 3886 ἐποιέετο,
903 3825 1009 3889 θῶομα
1026 3816 1194 3888 ποιεύμενοι
1214 3862 1272 3886 ...,
1291 3821 1373 3876 nbie

252 3903 371 3958 formula
394 3896 467 3975 ἀνὴρ
491 3897 574 3976 ἀνδρί
596 3907 731 3960 rationem
755 3905 905 3961 exhibente
927 3908 1098 3976 reciprocam
1117 3906 1166 3975 (cf.
1184 3907 1234 3974 IX,
1250 3914 1274 3975 5,
1295 3912 1325 3962 13
1344 3913 1374 3962 et

253 3990 341 4044 Thnc.
360 3990 395 4060 ΙΙ,
412 3995 454 4056 84,
473 3995 500 4058 3)
524 4004 574 4060 per
592 4005 623 4044 ae
641 3993 764 4046 nascitur
787 3993 864 4046 notio
888 3998 973 4061 atque
990 3993 1033 4047 vis
1051 3992 1182 4063 pluralis,
1206 4008 1279 4061 quae
1302 3993 1372 4048 adeo

254 4077 339 4143 valet,
357 4082 389 4131 ut
405 4077 488 4131 etium
506 4081 572 4145 post
589 4077 746 4132 subiectum
765 4078 857 4132 neutri
876 4078 988 4146 generis
1001 4076 1117 4133 verbnm
1136 4085 1257 4146 ponetur
1274 4079 1303 4131 in
1321 4095 1371 4131 nn-

252 4177 328 4217 mero
351 4161 454 4231 plurali
476 4168 507 4216 ut
529 4162 633 4216 Herod.
650 4161 698 4229 IV,
718 4167 812 4230 112‚3
836 4158 1044 4234 προσεχώρεον
1067 4161 1097 4219 δέ
1121 4159 1316 4234 πλησιαιτέρω
1337 4161 1371 4220 τὸ

165 4263 171 4274 ’
253 4244 453 4320 στρατόπεδον
470 4253 512 4320 τῷ
531 4241 720 4322 στρατοπέδῳ
739 4240 785 4302 ἐπ’
803 4241 896 4319 ἡμέρη
915 4243 1031 4318 ἑκάστη.

661 4428 832 4520 A.
