3130 4914
235 281 276 339 28

235 447 404 524 cipisndum
432 451 489 524 est,
519 467 585 510 cum
613 449 662 527 iis,
691 468 768 526 qaae
796 450 878 510 initio
903 448 1119 510 dissertationis
1141 447 1178 508 de
1201 450 1355 508 construo·

234 549 314 609 tione
341 547 380 608 ad
407 566 526 610 sensnm
554 569 632 629 quae
660 551 770 613 dicitnr
797 552 1000 630 exposuimus,
1027 551 1274 628 componentibus
1296 551 1354 610 iam

235 649 377 728 expedita
407 655 453 713 est
482 653 531 711 via
560 653 599 713 ad
627 672 693 714 eum
726 672 824 726 nsum,
855 655 906 731 qni
936 673 974 713 ex
1004 653 1121 714 duobus
1150 652 1208 712 illis
1236 651 1355 712 dicendi

235 753 398 829 generibus
421 754 531 815 mixtus
554 756 681 818 videtur.
726 755 816 817 Haud
833 775 900 816 raro
917 756 993 816 enim
1009 755 1118 816 talibus
1133 755 1357 832 supplementis,

237 855 340 932 qualia
363 861 431 933 post
453 858 574 918 nomino
596 859 755 920 collectiva
778 859 903 919 subiecti
926 858 991 919 vice
1014 856 1153 918 addenda
1176 875 1241 917 esse
1263 875 1357 934 supra

237 957 520 1032 demonstravimus,
550 961 638 1021 etiam
668 965 729 1021 tum
762 979 838 1039 opus
870 966 929 1038 est,
960 977 1026 1020 cum
1057 961 1208 1020 nominum
1238 959 1354 1019 illorum

236 1061 390 1136 praecedit
418 1079 505 1122 casus
534 1063 684 1140 obliquus.
728 1063 888 1124 Ordiamur
916 1083 934 1123 a
958 1061 1182 1139 simplicissimis
1204 1060 1356 1138 exemplis,

237 1181 303 1222 cum
331 1164 482 1224 antecedit
506 1166 698 1226 accusativus
725 1165 853 1227 nominis
875 1165 1024 1227 collectivi
1046 1165 1165 1242 generis
1185 1165 1293 1241 neutri,
1315 1163 1357 1223 ita

238 1268 271 1324 nt
292 1264 492 1343 discrepantia
512 1286 634 1328 casuum
650 1269 716 1329 solo
732 1286 831 1340 sensu,
855 1287 914 1329 non
930 1267 1025 1328 forma
1040 1267 1231 1344 grammatica
1247 1265 1357 1327 discer-

238 1370 336 1445 natur,
358 1372 391 1430 ut
407 1370 463 1447 ¹Vl,
481 1374 564 1446 72,4
587 1358 628 1449 ἢν
645 1416 651 1428 .
669 1415 676 1429 .
694 1417 700 1429 .
719 1417 725 1431 .
742 1359 1020 1450 παρασκευάσουσι
1041 1359 1081 1429 τὸ
1098 1352 1283 1440 ὁπλιτικόν,
1307 1356 1357 1438 οἷς

238 1486 274 1528 τε
302 1456 391 1529 ὅλπα
418 1456 463 1552 μὴ
495 1463 585 1532 ἔστιν
612 1464 860 1552 ἐκπορίζοντες,
890 1457 983 1543 ὅπως
1014 1455 1060 1543 ώς
1091 1469 1241 1530 πλεῖστοι
1268 1460 1357 1529 ἔσον-

237 1587 291 1630 ται
315 1615 322 1630 .
342 1604 372 1631 ..
397 1590 437 1632 sc.
454 1556 600 1633 ὁπλῖται.

324 1691 412 1751 Solus
434 1711 585 1773 numerus,
612 1714 671 1756 non
695 1713 782 1756 casus
805 1699 936 1756 mutatur
960 1696 992 1766 V,
1008 1698 1071 1772 8,2
1095 1687 1286 1770 (Βρασίδας)
1310 1687 1358 1752 δε·

241 1782 320 1863 διώς
348 1780 411 1873 την
444 1779 551 1855 αὐτοῦ
582 1785 795 1877 παρασκευὴν
829 1793 885 1857 καὶ
918 1790 1065 1874 νομίζων
1097 1780 1358 1873 ὑποδεεστέρους

239 1884 324 1953 εἶναι
347 1914 386 1955 sc.
401 1887 481 1967 τοὺς
504 1886 619 1973 αὑτοῦ,
648 1900 697 1961 ubi
721 1901 803 1960 Porti
831 1902 1003 1961 coniectura
1025 1882 1265 1975 ὑποδεέστερος
1287 1898 1358 1957 scri·

239 1997 339 2060 bentis
360 1997 448 2059 facile
471 2001 713 2078 supersedemus.

325 2117 480 2179 Mutantur
502 2124 532 2180 et
553 2139 642 2181 casus
665 2127 695 2182 et
717 2140 860 2184 numerus
883 2121 935 2192 Ill,
951 2123 1032 2197 47,4
1055 2108 1117 2178 τὸν
1133 2113 1239 2198 δῆμον
1255 2103 1359 2188 εὐθὺς

239 2207 411 2297 ξύμμαχον
435 2209 544 2294 ἕξουσι
569 2267 624 2281 ...
649 2217 700 2283 δεῖ
721 2217 766 2298 δέ,
796 2215 852 2282 καί
876 2216 904 2281 εί
926 2207 1090 2302 ἠδίκησαν
1114 2265 1170 2280 ...
1194 2238 1233 2280 sc.
1250 2210 1282 2278 oi
1305 2211 1359 2298 δη-

239 2313 347 2399 μόται.
392 2321 444 2398 ΙΙΙ,
461 2327 544 2395 28,1
569 2320 746 2403 πρεσβείαν
774 2319 809 2384 δὲ
836 2311 1056 2384 ἀποστέλλειν
1083 2315 1114 2394 ίς
1137 2311 1197 2394 τὰς
1221 2305 1360 2400 Ἀθήνας

240 2418 494 2503 Μυτιληναίους
516 2420 594 2507 περὶ
617 2417 761 2488 inercia·
786 2419 823 2486 ἐν
844 2412 912 2506 ὅσῳ
929 2413 958 2486 δ’
974 2412 1015 2485 ἂν
1031 2415 1135 2485 πάλιν
1151 2413 1315 2483 ἔλθωσιν.
1331 2467 1359 2482 ..

242 2545 281 2585 sc.
304 2516 336 2584 oi
366 2520 528 2604 πρέσβεις.
575 2531 753 2608 vl11,53,3
784 2514 899 2608 ἠρώτα
929 2518 987 2588 ίνα
1019 2518 1233 2586 ἕκαστον
1256 2507 1360 2584 ὁπότε

242 2621 278 2686 δὲ
299 2615 343 2706 μή
373 2634 471 2703 φαῖεν
494 2620 704 2710 ἐρωτώμενοι
728 2651 768 2693 sc.
784 2621 932 2704 ἕκαστοι,
963 2630 1018 2690 nisi
1047 2631 1147 2708 potius
1171 2630 1360 2707 participium

242 2731 328 2792 etiam
353 2733 416 2791 sine
439 2733 565 2793 articulo
587 2752 643 2811 pro
666 2733 854 2795 substantivo
878 2732 1086 2809 accipiendum
1109 2735 1163 2803 est,
1187 2750 1248 2808 qus
1270 2731 1308 2792 de
1328 2750 1361 2790 re

243 2837 280 2898 cl.
292 2837 405 2910 Krueg.
421 2853 466 2910 gr.
477 2833 495 2904 §
507 2838 556 2902 42,
570 2839 588 2896 2
604 2834 672 2894 adn.
686 2839 713 2898 3.
757 2835 913 2896 Rationem
929 2834 1018 2912 paulo
1035 2834 1260 2894 insolentiorum
1275 2851 1361 2910 prac-

243 2940 315 2999 bent
336 2936 487 3014 IV,10,3
515 2926 577 2995 τὸν
608 2931 768 3017 πολέμιον
791 2927 983 3015 δεινότερον
1005 2925 1121 3012 ἕξομεν
1143 2979 1199 2994 ...
1223 2924 1361 3014 ίπὶ“γὰρ

242 3043 316 3110 ταῖς
338 3032 435 3097 ναυσί
458 3026 574 3119 ῥᾷστοί
596 3029 680 3098 εἰσιν
703 3025 898 3117 ἀμύνεσθαι,
921 3023 1109 3111 ἀποβάντες
1132 3029 1167 3095 δὲ
1183 3025 1219 3093 ίν
1234 3031 1284 3113 τῷ
1299 3027 1362 3113 ίσω

243 3127 307 3220 ἤδη
335 3159 375 3201 so.
399 3131 431 3199 οί
453 3135 622 3219 πολέμιοι;
653 3161 720 3202 nam
751 3142 911 3219 singularis
939 3123 957 3198 ὁ
980 3133 1143 3216 πολέμιος
1169 3157 1224 3217 pro
1252 3139 1363 3217 plurali

244 3233 277 3301 οί
306 3236 460 3319 πολέμιοι
488 3243 603 3319 positus
633 3248 678 3303 est
707 3244 784 3304 sicut
810 3243 847 3321 ΙΙ,
870 3245 920 3313 41,
936 3247 968 3319 3;
1001 3241 1052 3318 ΙΙΙ,
1069 3243 1117 3311 56,
1134 3243 1162 3318 2,
1192 3243 1221 3299 et
1250 3221 1362 3299 alibid

244 3335 366 3423 εχορός
380 3345 430 3418 vr,
447 3349 496 3417 ee,
512 3350 541 3406 4.
585 3329 603 3405 ὁ
627 3340 730 3417 τινας
753 3347 774 3423 ι,
790 3350 839 3423 en,
850 3350 878 3406 4.
923 3331 942 3403 ὁ
964 3327 1115 3422 ὑπήκοος
1138 3343 1174 3418 ιι,
1187 3346 1236 3414 41,
1249 3347 1277 3413 3,
1300 3360 1362 3402 sao-

244 3448 374 3524 piusque
396 3449 426 3508 in
449 3448 603 3509 vocabulis
623 3448 801 3508 militaribus
817 3430 848 3520 (d
864 3430 1069 3524 στρατιώτης
1086 3445 1122 3520 ΙΙ,
1140 3448 1188 3521 11,
1203 3447 1234 3506 3.
1254 3431 1363 3522 τριήρ-

246 3566 347 3628 αρχος
370 3552 419 3627 Vl,
435 3555 484 3622 31,
501 3548 532 3624 5)
556 3556 586 3612 et
607 3551 768 3629 gentiliciis
791 3534 823 3624 (ὃ
838 3533 1060 3628 Συρακόσιος,
1084 3530 1103 3605 ὁ
1124 3533 1299 3627 Ἀθηναῖος
1315 3547 1365 3624 Vl,

247 3657 336 3731 78,1.
360 3636 378 3711 ὁ
402 3643 587 3724 Χαλκιδεύς
603 3654 652 3727 VI,
665 3658 715 3733 84,
728 3652 768 3728 3).
813 3653 900 3728 Quod
924 3670 1019 3729 genus
1042 3650 1168 3721 dicendi,
1190 3654 1224 3711 ut
1246 3650 1365 3711 nomina

245 3774 390 3835 personas
420 3755 620 3834 significantia
649 3757 792 3834 singulari
823 3774 947 3816 numero
978 3755 1064 3832 quasi
1096 3753 1253 3814 collectiva
1281 3769 1365 3812 usur-

246 3865 364 3941 pentur,
386 3861 483 3921 rarius
506 3878 579 3921 sane
601 3859 683 3937 apud
700 3859 830 3920 Graecos
846 3863 891 3919 est
911 3877 1001 3936 quam
1016 3856 1097 3934 apud
1113 3851 1290 3929 Latinos⁵¹);
1312 3853 1365 3914 sed

246 3983 307 4025 non
330 3970 412 4025 recte
434 3964 486 4024 uni
500 3962 672 4039 Thucydidi
695 3963 751 4023 hoo
771 3963 912 4024 tribuitur
928 3981 946 4022 a
961 3960 1107 4038 Dionysio
1122 3955 1268 4032 Haliolil,
1289 3958 1367 4018 siout

333 4169 369 4232 ⁵¹)
388 4163 431 4222 Ol.
450 4165 553 4234 Krusg.
572 4179 613 4232 gr.
625 4177 666 4232 gr.
685 4162 756 4232 ξεί,
770 4167 781 4215 1
802 4161 865 4215 adn.
879 4163 903 4214 2.
915 4165 939 4215 l.
953 4163 976 4214 6.

334 4256 370 4323 m)
387 4251 515 4323 Epistll
533 4250 569 4305 ad
587 4247 870 4320 Ammasnmp.13t.

514 4852 518 4862 .
550 4698 970 4868 A
