3130 4914
308 1149 417 1259 Verbi
439 1199 514 1259 liniti
537 1216 683 1274 personae
705 1201 736 1260 in
759 1201 863 1278 lingua
885 1219 994 1277 macca
1016 1203 1162 1263 relatione
1177 1202 1345 1279 syntactioa

223 1302 301 1362 inter
329 1322 361 1364 se
387 1301 538 1362 differunt.
581 1301 658 1359 Nam
685 1307 805 1378 praeter
830 1304 909 1363 illam
933 1303 1079 1364 rationem
1102 1302 1233 1375 dicendi,
1263 1301 1343 1378 quod

222 1405 355 1465 secunda
377 1421 507 1481 persona
530 1401 681 1463 interdum
704 1403 743 1463 ad
767 1405 933 1466 subiectum
950 1406 1095 1464 incertum
1112 1409 1143 1466 ot
1157 1403 1343 1490 indefinitum

222 1505 448 1582 significandum
472 1508 652 1582 usurpatur,
683 1524 759 1582 qnae
787 1507 863 1568 ratio
887 1508 945 1567 iam
969 1498 1099 1567 Homero
1123 1506 1232 1566 usitata
1253 1523 1344 1583 saepe

223 1609 304 1685 apud
327 1611 478 1669 Romanos
505 1605 592 1666 nobis
618 1609 733 1667 occurit
761 1627 858 1686 neque
884 1627 903 1668 a
931 1610 1024 1669 nostri
1052 1609 1196 1669 sermonis
1219 1625 1343 1668 consue-

223 1711 328 1771 tudine
351 1709 546 1770 abhorret-
560 1709 727 1770 locutiones
748 1712 885 1771 nimirum
908 1711 976 1771 dico
995 1699 1080 1779 εἶδες
1096 1697 1147 1783 ἄν,
1169 1693 1285 1788 ἡγήσω
1302 1697 1343 1768 ἄν

223 1831 258 1872 ac
281 1813 392 1872 similes
407 1839 450 1851 -
465 1811 560 1888 prima
583 1816 613 1871 ct
635 1812 767 1872 secunda
790 1831 920 1890 persona
941 1811 1042 1872 finitae
1064 1816 1144 1889 sunt,
1165 1810 1282 1872 infinita
1299 1814 1344 1872 est

223 1915 319 1974 tertia.
363 1913 430 1986 Qua
453 1911 491 1971 de
513 1929 546 1970 rc
576 1912 633 1970 iam
656 1912 830 1972 Priscianus
852 1913 1064 1991 grammaticus
1087 1916 1169 1974 recte
1190 1911 1344 1988 iudicavit,
1384 1913 1389 1922 '

222 2014 304 2093 apud
327 2032 415 2092 quem
424 2011 447 2085 ¹)
470 2013 513 2073 sic
535 2014 680 2091 scriptum
701 2014 882 2075 invenimus:
916 2019 963 2086 „ct
984 2015 1080 2091 prima
1103 2013 1222 2090 quidem
1246 2017 1277 2074 et
1299 2031 1343 2074 se·

223 2116 323 2176 cunda
349 2114 508 2176 verborum
535 2132 667 2192 persona
688 2114 788 2175 finitae
811 2119 895 2193 sunt,
925 2120 1100 2193 praesentes
1122 2116 1199 2175 enim
1223 2115 1344 2176 demon·

223 2221 368 2294 strantur3
399 2218 487 2278 tertia
513 2235 586 2278 vcro
615 2216 730 2277 infinita
752 2221 798 2278 est
819 2219 921 2295 itaque
943 2224 1012 2295 eget
1033 2220 1212 2297 plerumque
1234 2238 1343 2297 prono·

223 2321 310 2398 mine,
333 2324 366 2380 ut
388 2316 603 2386 deliniatur“.²l
647 2319 750 2379 Tertia
772 2321 864 2398 igitur
885 2339 1023 2400 persona,
1049 2339 1116 2382 uam
1140 2322 1177 2382 de
1199 2339 1236 2382 ea
1257 2321 1343 2383 uobis

222 2421 371 2501 agendum
396 2423 461 2499 erit,
482 2439 538 2498 per
560 2439 592 2482 so
615 2439 674 2482 non
699 2421 800 2500 efficit,
821 2427 855 2483 ut
879 2428 991 2484 certum
1012 2425 1042 2484 iu
1064 2424 1162 2483 animo
1179 2423 1343 2484 subiectum

223 2525 393 2600 habeamus,
415 2523 467 2584 sed
491 2524 642 2584 notionem
665 2525 801 2602 requirit,
825 2525 863 2585 ad
887 2544 975 2603 quam
999 2523 1185 2600 referatur.³)
1229 2526 1342 2588 Nihilo-

223 2629 319 2688 minus
348 2627 510 2704 scriptores
542 2644 609 2686 cum
639 2626 687 2685 alii
715 2631 777 2686 tum
807 2628 908 2703 graeci
938 2627 1062 2688 subiecti
1086 2627 1163 2688 illam
1192 2627 1343 2688 notionem

222 2731 251 2790 in
274 2729 363 2790 tertia
385 2746 516 2807 persona
539 2727 577 2787 ad
601 2727 837 2806 intellegendum
861 2730 1075 2808 necessariam,
1102 2748 1180 2806 qnae
1203 2729 1288 2790 nobis
1311 2730 1341 2790 in

222 2832 423 2911 germanicum
457 2848 624 2891 sermonem
658 2831 753 2893 verba
785 2831 971 2892 vertentibus
1007 2833 1125 2892 nomine
1154 2831 1343 2893 substantivo

222 2933 416 3012 exprimenda
443 2937 496 2994 aut
522 2934 699 3011 pronomine
721 2933 899 3012 excipienda
922 2938 981 3011 cst,
1011 2935 1181 3013 saepissime
1204 2935 1344 2995 omittunt

192 3065 194 3070 v
222 3042 313 3115 atque
339 3055 394 3115 pro
422 3037 495 3095 mira
523 3034 652 3112 quadam
676 3033 859 3096 Graecorum
888 3035 1050 3096 mobilitate
1076 3036 1189 3111 ingenii
1211 3037 1344 3112 cogitan-

222 3140 314 3217 dique
337 3139 492 3198 celeritate
515 3136 670 3197 subaudiri
693 3136 805 3197 iubent.
850 3137 943 3198 dutus
970 3139 1228 3214 breviloquentiae
1250 3138 1343 3215 pluri·

222 3261 286 3302 mae
309 3244 379 3302 sunt
401 3239 518 3316 species
540 3258 576 3299 ac
599 3238 724 3309 formae;
755 3239 793 3299 de
821 3239 999 3316 quibusdam
1027 3239 1076 3300 alii
1098 3239 1344 3318 exposuerunt⁴);

221 3344 291 3404 mihi
314 3343 385 3404 satis
407 3360 489 3403 nunc
513 3345 558 3401 est
581 3359 672 3401 unum
696 3359 791 3417 genus
811 3343 963 3420 persequi,
985 3361 1052 3402 cum
1067 3360 1104 3403 ex
1121 3360 1179 3403 uno
1195 3343 1343 3404 vocabulo
1401 3379 1403 3384 .

221 3449 347 3509 alterum
370 3446 419 3506 vel
440 3445 534 3523 stirpe
557 3448 716 3522 cognatum
737 3445 787 3504 vel
802 3445 923 3506 notione
940 3446 1132 3506 coniunctum
1147 3446 1343 3524 repetendum

221 3555 275 3611 est
318 3550 403 3608 Haec
431 3549 523 3624 igitur
550 3546 676 3608 subiecti
705 3549 736 3608 in
762 3549 851 3608 tertia
871 3565 1002 3626 persona
1024 3546 1186 3626 supplendi
1208 3549 1284 3609 ratio
1307 3567 1343 3608 ac

307 3732 329 3797 ¹)
348 3727 396 3782 Gr.
414 3727 461 3804 lat.
480 3727 523 3783 cd.
542 3727 607 3781 Keil
623 3725 659 3795 ll,
672 3732 730 3781 448.

306 3818 331 3882 ²)
347 3813 479 3868 Similiter
497 3813 634 3868 Maximus
652 3812 792 3868 Planudos
811 3813 841 3866 in
858 3813 971 3882 dialogo
995 3813 1030 3868 ds
1054 3813 1244 3883 grammatica,
1267 3813 1343 3882 apud

220 3899 428 3955 Bachmannum
447 3898 575 3954 anecdot.
593 3913 633 3966 gr.
647 3897 684 3964 ΙΙ,
698 3902 754 3964 113,
769 3903 809 3953 11.

306 3987 330 4051 ³)
348 3984 391 4041 cf.
410 3984 443 4040 H.
456 3983 580 4050 Mueller,
598 3983 634 4038 de
653 3982 735 4037 tertia
752 3982 782 4035 in
799 3983 887 4038 verbo
905 3983 984 4037 finito
1005 3997 1138 4050 persona,
1162 3982 1288 4051 inprimis
1306 3982 1341 4037 dc

220 4071 314 4128 verbis
332 4070 567 4140 impersonalibus
586 4069 750 4138 disputatio,
768 4068 927 4138 Gryphisw.
942 4074 1016 4125 1863.

306 4159 329 4225 ⁴)
349 4155 392 4212 cf.
410 4155 537 4224 inprimis
555 4150 594 4208 A.
611 4154 786 4221 lliodonski,
808 4154 845 4209 da
862 4154 1015 4210 enuntiatis
1033 4153 1163 4210 subiecto
1180 4153 1341 4209 carentibus

221 4242 298 4319 apud
316 4241 488 4301 Herodotum
507 4239 641 4312 Acadcm,
661 4239 775 4295 Oracov.
790 4244 862 4300 1886.
