3130 4914
1285 300 1324 358 27

202 465 328 528 rendam
352 481 419 526 esra
442 463 570 537 videtur,
594 465 666 542 qnia
688 467 804 543 priores
826 467 891 527 illas
914 467 1016 543 copias
1032 465 1167 543 Pydnam
1188 465 1326 526 obsidere

202 569 261 628 iam
286 567 420 644 coepisse
445 566 545 628 verbis
568 555 883 645 καταλαμβάνουσιν
903 555 982 638 τούς
997 559 1184 646 προτέρους
1198 561 1326 644 χιλίους

141 652 143 656 ’
206 662 338 748 θέρμηυ
361 656 438 748 ἀρτι
460 652 624 748 ᾑρηκότας
646 663 703 728 καί
719 659 855 730 Πέδναν
877 667 1150 749 πολιορκοῦντας
1165 671 1236 730 satis
1251 669 1326 730 indi·

203 775 301 834 catum
325 768 419 844 est.⁴⁸)
1294 761 1296 763 ’

289 874 362 934 Post
387 873 565 949 particulam
596 874 815 934 consecutivam
839 859 926 932 ώστε
948 873 1075 934 subiecti
1098 873 1222 934 motatio
1245 873 1326 936 haud

203 975 246 1034 ita
272 973 383 1036 usitata
409 977 456 1034 est
477 977 505 1052 1,
520 979 588 1047 2,6
617 959 696 1051 παρ’
712 959 908 1055 Ἀθηναίους
937 967 970 1036 οἱ
997 965 1260 1034 δυνατώτατοι.
1287 1019 1326 1035 ..

203 1062 406 1156 ἀνεχώρουν,
429 1070 485 1136 καὶ
507 1073 647 1136 πολῖται
670 1066 860 1156 γιγνόμενοι
964 1072 1068 1156 μείζω
1090 1067 1139 1136 έτι
1163 1070 1326 1157 ἐποίησαν

204 1168 332 1256 πλήθει
355 1163 551 1257 ἀνθρώπων
573 1168 638 1257 τὴν
658 1169 772 1253 πόλιν,
795 1165 881 1240 ὥστε
904 1174 960 1240 καὶ
983 1172 1016 1251 ές
1031 1165 1159 1240 Ἰωνίαν
1180 1166 1327 1258 ὕστερον

205 1299 251 1352 ως
278 1265 339 1360 οὐχ
361 1271 480 1360 ἱκανῆς
506 1269 608 1361 οὔσης
633 1279 693 1360 τῆς
715 1266 863 1361 ,Ἀττικῆς
888 1267 1044 1354 ἀποικίας
1074 1273 1264 1361 ἐξέπεμψαν
1287 1301 1328 1344 so.

205 1374 238 1442 οἱ
260 1369 481 1463 Aequoreos)
1143 1453 1146 1462 ,

290 1491 319 1547 4.
350 1487 507 1549 Parataxis
521 1485 714 1548 disiunctiva:
737 1487 791 1565 VI,
807 1491 855 1560 73,
868 1491 887 1549 3
904 1473 995 1567 iunii
1011 1472 1080 1547 ἀπὸ
1095 1483 1155 1567 τῆς
1170 1481 1327 1558 Σικελίας

205 1570 426 1666 ἀπαγάγωσιν
448 1585 500 1660 (so.
517 1577 550 1645 οί
566 1576 837 1666 Λακεδαιμόνιοι)
858 1573 983 1660 αὐτούς
998 1573 1088 1662 (τοὺς
1107 1574 1327 1667 Ἀθηναίους),

204 1675 225 1767 ἢ
248 1676 334 1766 πρὸς
355 1674 395 1746 τὸ
419 1680 456 1748 ἐν
472 1683 614 1770 Σικελίᾳ
636 1678 823 1769 στράτευμα
845 1671 950 1768 ἧσσον
972 1675 1122 1766 ώψελίαυ
1138 1675 1243 1770 ἀλλην
1258 1681 1326 1748 έπι-

204 1784 382 1870 πέμπωσιν
398 1808 439 1852 sc.
452 1782 485 1850 οί
503 1774 679 1871 Ἀθηναῖοι.
725 1793 747 1870 Ι,
764 1795 812 1863 26,
829 1796 847 1853 5
872 1784 905 1852 οἱ
927 1790 1130 1871 Κερκυραῖοι
1148 1797 1327 1871 ...προεῖ-

204 1910 274 1953 πον
295 1877 518 1973 Ἐπιδαμνίων
544 1910 580 1953 τε
607 1883 669 1954 τὸν
692 1884 901 1972 βουλόμενον
924 1890 981 1956 καὶ
1002 1885 1084 1967 τούς
1105 1889 1222 1970 ξένους
1246 1879 1327 1955 ἀπα-

206 1994 279 2066 θεῖς
301 1978 448 2055 ἀπιέναι
473 1988 501 2054 εί
524 1989 560 2054 δὲ
580 1985 633 2074 μή,
657 1980 704 2066 ώς
725 1990 898 2073 πολεμίοις
915 1987 1096 2076 χρῄσεσθαι
1111 2015 1152 2058 sc.
1168 1983 1267 2086 αι’μοί
1281 1989 1328 2074 (oi

206 2095 432 2176 Κερκυραῖοι),
462 2098 513 2158 ubi
535 2115 632 2176 aeque
655 2098 731 2159 benc
754 2083 848 2177 ἢ-ἥ
873 2099 1012 2160 collocari
1036 2100 1134 2177 potuit
1149 2097 1328 2177 (προεῖπον

205 2185 271 2279 ἦ..
289 2183 433 2272 ἀπιέναι,
455 2186 477 2278 ἥ
494 2245 501 2259 .
516 2245 523 2260 .
538 2189 784 2280 χρήσεσθαιψθ)
829 2203 866 2280 ΙΙ,
884 2205 932 2274 93,
948 2207 967 2264 3
988 2194 1176 2280 προσδοκία
1190 2186 1328 2279 οὐδεμία

205 2281 258 2379 ἦν,
281 2287 325 2379 μὴ
347 2287 388 2360 ἀν
407 2317 491 2362 ποτε
512 2293 545 2360 οί
563 2296 718 2379 πολέμιοι
741 2293 942 2379 ἐξαπιναίως
957 2289 1065 2374 οὕτως
1081 2293 1328 2376 ἐπιπλεύσειαν,

205 2395 278 2462 έπεί
310 2386 381 2462 οὔτ’
404 2390 471 2462 ἀπὸ
503 2399 566 2462 τοῦ
597 2397 798 2483 προφανοῦς
827 2401 991 2484 τολμῆσαι
1019 2392 1061 2464 ἀν
1087 2391 1167 2464 καθ’
1190 2388 1330 2485 ἡσυχίαν
1384 2413 1385 2418 ’

206 2504 261 2579 (sc.
277 2492 359 2575 τοδς
380 2498 585 2585 πολεμίους),
609 2490 671 2566 οὔτ
691 2498 720 2565 εί
743 2500 952 2581 διενοοῦντο,
973 2492 1018 2587 μὴ
1041 2491 1104 2568 οάκ
1128 2493 1170 2567 ἀν
1191 2500 1329 2587 προαίσ-

206 2605 332 2666 θεσθαι
355 2605 408 2681 (sc.
424 2597 503 2679 τούς
527 2593 743 2688 Ἀθηναίους).

292 2713 320 2770 5.
343 2709 481 2789 Denique
494 2711 524 2769 in
537 2709 686 2787 asyndeto
698 2711 750 2784 ΙΙΙ,
763 2697 812 2784 52,
827 2716 844 2773 2
858 2703 891 2771 oi
903 2706 1074 2791 Πλαταιῆς
1088 2756 1094 2771 .
1107 2756 1131 2771 ..
1146 2695 1329 2792 ξυνέβησαν

207 2816 278 2881 τοῖς
298 2804 587 2890 Πελοποννησίοις
609 2806 732 2890 τοιῷδε
754 2802 885 2892 τρόπῳ·
909 2806 1122 2894 προσέβαλον
1144 2798 1259 2871 αὐτῶν
1281 2810 1330 2892 τῷ

206 2905 316 2990 τείχει,
346 2904 379 2972 οἱ
403 2906 438 2971 δὲ
467 2899 530 2972 οὐκ
557 2899 722 2973 έδύναντο
751 2899 946 2994 ἀμύνεσθαι,
977 2917 1027 2977 ubi
1053 2909 1267 2995 προσέβαλον
1290 2915 1329 2977 ad

206 3023 444 3101 Peloponnesios
467 3022 606 3100 retertur,
627 3006 744 3082 αάτών
766 3026 796 3084 et
818 3013 851 3082 oi
875 3016 912 3082 δέ
934 3021 972 3082 ad
994 3022 1195 3083 Plataeenses.

292 3126 378 3186 Hanc
401 3126 522 3187 dicendi
545 3125 790 3188 consuetudinem
814 3124 895 3204 qnod
918 3125 1138 3186 substantivum
1158 3124 1282 3204 aliquod
1298 3125 1328 3184 in

207 3249 280 3292 casu
309 3231 430 3308 obliquo
458 3231 588 3310 positum
615 3231 645 3291 in
670 3229 768 3290 verbis
790 3229 1019 3307 insequentibus
1041 3228 1167 3290 subiecti
1190 3229 1257 3290 ioco
1281 3247 1328 3289 ac·

293 3412 327 3476 ⁴⁸)
344 3409 409 3464 Her.
421 3408 458 3478 ΙΙ,
470 3413 511 3477 32,
525 3414 565 3465 37.

295 3498 329 3561 ⁴⁹)
346 3495 409 3551 Her.
422 3494 460 3562 ΙΙ,
474 3500 514 3564 16,
528 3498 567 3550 10.

294 3585 329 3649 ⁵⁰)
345 3579 425 3651 Apte
444 3586 639 3651 comparantur
657 3579 712 3636 loci
730 3580 1052 3651 Herodotei11,215,25
1071 3576 1160 3637 αὐτὸν
1177 3576 1207 3636 δέ
1228 3599 1261 3636 σε
1280 3579 1330 3636 καί

208 3663 277 3734 τοὺς
299 3663 368 3734 σοὺς
393 3663 559 3736 συμπλόους
582 3673 670 3740 τριῶν
693 3660 826 3739 ἡμερέων
850 3663 1045 3740 προαγορεύω
1070 3662 1104 3724 ἐκ
1122 3671 1171 3737 τῆς
1190 3662 1259 3738 ἐμῆς
1277 3673 1330 3736 γῆς

208 3750 239 3820 ἐς
260 3747 349 3823 ἀλλην
366 3748 430 3808 τινὰ
447 3751 687 3824 μετορμίζεσθαι,
712 3749 739 3808 εί
755 3751 786 3810 δὲ
804 3750 852 3824 μή,
876 3745 927 3810 iius
950 3752 1105 3822 πολεμίους
1122 3748 1329 3824 περιέψεσθαι,

209 3847 239 3895 et
256 3839 317 3908 VII,
334 3845 390 3908 149,
403 3845 435 3894 20
454 3846 607 3911 προειπεῖν
628 3858 659 3894 τε
683 3846 757 3894 τοῖσι
776 3831 927 3910 ἀγγέλοισι
945 3835 1002 3912 πρὸ
1022 3835 1122 3904 δύντος
1140 3832 1222 3909 ἡλίου
1241 3832 1329 3894 ἀπαλ-

208 3919 373 3981 λάσσεσθαι
398 3919 431 3981 ἐκ
454 3929 503 3996 τῆς
522 3917 653 3996 Ἀργείων
675 3921 783 3997 χώρης,
808 3922 835 3980 εί
852 3924 883 3982 δέ
901 3922 949 3996 μή,
971 3921 1169 3997 περιέψεσθαι
1188 3917 1227 3989 ώς
1244 3927 1329 3979 πολε-

207 4010 299 4081 μίους.
336 4012 486 4068 Giassonus
503 4011 552 4079 (ad
570 4010 697 4082 Thucyd.
710 4012 732 4080 Ι,
745 4017 786 4078 26,
799 4015 827 4080 5)
845 4011 890 4068 hic
903 4027 1016 4082 quoque
1033 4011 1224 4066 subiectorum
1238 4010 1329 4066 divor-

209 4099 319 4154 sitatem
337 4097 450 4165 statuit3
471 4097 576 4152 rectius
595 4097 630 4152 de
648 4112 705 4152 uno
723 4099 878 4167 eodemque
896 4098 1022 4153 subiecto
1040 4097 1217 4164 cogitaveris,
1235 4096 1329 4150 futuro

208 4183 292 4239 medii
314 4178 512 4256 περιέψεσθαι
534 4182 767 4250 significationem
792 4183 918 4240 tribuens
941 4183 1094 4254 passivam,
1119 4196 1174 4255 qua
1193 4182 1228 4239 de
1245 4197 1276 4238 rc
1293 4182 1328 4238 cf.

208 4269 345 4330 Herodoti
362 4269 398 4330 ad
416 4270 492 4330 locos
510 4267 640 4325 editores.
694 4321 696 4330 ,
