3130 4914
246 310 286 367 10

243 463 355 549 πόλις]
377 466 503 556 μεγάλη
524 471 581 535 καὶ
596 466 887 556 πολυάνθρωπος·
911 465 1148 548 στασιάσαντες
1163 469 1199 536 δε
1215 468 1252 536 ἐν
1268 462 1364 554 άλλή-

243 574 315 647 λοις
412 567 610 658 ἐφθάρησαν
637 572 694 637 καὶ
720 575 780 656 τῆς
809 568 980 656 δυνάμεως
1006 574 1066 659 τῆς
1087 574 1214 656 πολλῆς
1236 566 1364 656 ἐστερή-

245 678 357 757 θησαν
378 698 418 740 ac.
434 671 467 740 οἱ
481 664 696 759 Ἐπιδάμνιοι,
720 681 801 758 quod
824 701 840 742 e
863 681 1055 760 praecedenti
1070 664 1266 758 Ἐπίδαμνος
1280 697 1364 756 τορο-

244 783 325 842 titur.
373 783 554 861 Discrepant
585 782 703 844 codices
732 787 802 860 post
830 775 975 860 ἐγένετο;
1006 783 1113 861 partim
1144 783 1221 843 enim
1249 769 1365 859 ἡτῶν

244 868 465 962 Ἐπιδαμνίων
486 875 594 959 πόλις,
617 886 723 963 partim
749 868 857 963 ήτοῖν
872 873 1094 963 Ἐπιδαμνίων
1117 874 1256 962 δύναμις
1278 901 1364 962 prae·

245 985 325 1046 bent.
370 987 503 1060 Quarum
534 988 694 1049 lectionum
726 1007 793 1050 cum
823 989 918 1048 altera
947 989 1025 1048 banc
1052 988 1146 1048 solam
1174 987 1233 1046 vim
1256 986 1365 1046 habeat

245 1091 279 1148 ut
299 1087 464 1150 subiectum
480 1073 675 1166 Ἐπίδαμνος
698 1093 860 1168 repetatur,
884 1090 980 1150 altera
1001 1107 1072 1150 voro
1093 1093 1218 1167 propter
1233 1103 1364 1165 sequens

245 1189 425 1250 adiectivnm
447 1181 727 1272 πολυάνθρωπος
750 1211 787 1253 ne
810 1193 882 1252 ferri
905 1192 1023 1270 quidem
1046 1192 1150 1271 possit,
1177 1209 1304 1267 cumque
1327 1190 1364 1249 ad

245 1291 448 1368 integritatem
479 1296 646 1355 sententiae
676 1294 751 1354 nihil
785 1293 989 1368 desideretur,
1022 1297 1115 1355 totum
1145 1293 1220 1353 illud
1250 1291 1364 1353 addita·

246 1397 378 1454 mentum
401 1395 546 1456 Statilium
576 1400 606 1456 et
628 1397 802 1458 Classenum
822 1399 954 1456 ‘secutus
977 1395 1143 1457 tollendum
1167 1413 1233 1456 esse
1256 1412 1364 1455 censeo

244 1501 335 1572 atque
358 1497 530 1574 praedicata
552 1490 685 1576 ἐγένετο
706 1545 712 1558 .
730 1545 736 1558 .
754 1544 760 1557 .
786 1487 1021 1568 στασιάσαντες
1044 1491 1102 1557 δέ.
1120 1543 1127 1557 .
1144 1543 1150 1555 .
1168 1486 1365 1577 ἐφθάρησαν

246 1591 303 1657 καὶ
325 1588 553 1680 ἐστερήθησαν
575 1619 629 1677 per
651 1602 773 1678 synesin
796 1600 835 1661 ad
858 1601 954 1677 ipsum
978 1600 1050 1659 illud
1074 1601 1241 1660 subiectum
1258 1600 1365 1676 prima-

245 1701 321 1760 rium
344 1684 538 1780 Ἐπίδαμνος
560 1702 726 1764 referenda.
770 1703 894 1778 Saepius
919 1703 963 1762 sie
985 1705 1054 1780 post
1076 1701 1196 1761 nomina
1217 1705 1365 1761 terrarum

247 1805 391 1880 seriptum
421 1804 572 1878 videmns3
602 1800 639 1866 cf.
655 1807 678 1883 1,
695 1810 756 1882 6,1
786 1801 878 1864 πᾶσα
903 1794 964 1882 γάρ
992 1786 1193 1882 ήἘλλάςθ)
1221 1796 1366 1883 ἐσιδηρο-

246 1893 343 1984 φόρει
360 1951 366 1962 .
384 1950 391 1964 .
409 1950 417 1964 .
434 1899 490 1964 καὶ
516 1896 646 1986 ξυνήθη
676 1894 738 1987 τήν
768 1901 900 1966 δίαιταν
926 1891 1004 1984 μεθ’
1020 1891 1141 1965 ὅπλων
1163 1892 1365 1984 ἐποιήσαντο
1427 1983 1433 1992 .

247 2024 289 2066 sc.
304 2000 340 2066 οὶ
355 1993 516 2086 Ἕλληνες.
565 2013 612 2081 13,
631 2014 658 2069 1.
682 2011 734 2088 ΙΙΙ,
749 2014 777 2081 2,
796 2014 821 2069 1.

333 2109 391 2184 Qui
417 2110 474 2170 loci
502 2112 543 2170 ila
572 2113 734 2189 comparati
762 2116 843 2187 sunt,
874 2115 906 2172 ut
928 2112 1047 2172 nomina
1070 2114 1216 2171 terrarum
1240 2111 1367 2171 subiecti

247 2214 313 2273 vice
342 2212 500 2288 turgentia
529 2215 559 2274 in
590 2215 690 2290 priore
719 2216 777 2274 iam
809 2213 983 2292 praedicato
1012 2214 1158 2291 singulari
1185 2214 1244 2273 rim
1275 2217 1366 2292 atque

247 2314 494 2391 significationem
517 2315 690 2391 praeierant
711 2313 952 2394 personalemlll
996 2316 1091 2376 Panlo
1114 2316 1294 2376 insolentius
1315 2335 1365 2377 rea

248 2434 280 2477 ae
301 2415 392 2476 habet
413 2417 450 2493 ll,
467 2420 549 2496 15,1
573 2401 593 2496 ή
613 2406 741 2496 Ἀττική
765 2409 798 2490 ἐς
816 2412 925 2498 θησέα
948 2403 998 2477 ἀεὶ
1012 2407 1099 2477 κατά
1114 2407 1229 2489 πόλεις
1243 2402 1365 2496 ιμ’κεῑτο

250 2511 379 2581 ...καὶ
402 2502 505 2577 ὁπότε
531 2509 608 2596 μήτι
636 2513 777 2579 δείσειαν
803 2504 845 2579 οά
872 2517 1018 2596 ξυνήσαν
1041 2509 1299 2598 βουλευσάμενοι
1321 2510 1368 2594 ὡς

248 2611 467 2695 τὸνβασιλέα
490 2639 530 2680 se.
546 2613 578 2680 οἱ
600 2607 751 2683 Ἀττικοί.
800 2623 970 2684 Subiectum
998 2611 1076 2682 enim
1102 2605 1123 2702 ή
1146 2607 1273 2703 Ἀττική
1301 2645 1366 2686 oum

248 2723 421 2801 praedicato
449 2706 569 2800 ᾠκεῖτο
597 2725 787 2785 coniunctum
816 2725 889 2784 nihil
918 2724 1000 2785 aliud
1031 2723 1178 2802 significat
1208 2727 1263 2785 nisi
1293 2726 1368 2789 fines

248 2825 428 2902 Atticorum,
457 2824 551 2885 altero
579 2843 652 2886 vero
682 2826 747 2886 Ιοοο
779 2827 901 2887 mutatis
930 2831 960 2886 et
986 2844 1109 2898 numero
1137 2829 1167 2886 et
1192 2845 1303 2902 genere
1330 2829 1368 2890 de

247 2927 320 3004 ipsis
350 2927 455 2987 incolis
484 2928 614 3004 scriplor
645 2930 779 3005 cogitare
811 2945 865 2989 noa
893 2929 987 3005 iubet;
1019 2928 1056 2989 et.
1075 2929 1126 3004 IV,
1145 2931 1234 3000 53‚2
1263 2921 1305 2989 τά
1332 2925 1368 2990 δε

248 3018 393 3110 Κύθηρα
417 3018 517 3107 νῆσός
540 3021 639 3102 ἐστιν,
663 3073 718 3090 ...
743 3022 1021 3110 Λακεδαιμονίων
1051 3016 1080 3089 δ’
1102 3023 1163 3091 εἰσὶ
1184 3027 1256 3090 τῶν
1276 3049 1369 3112 περι-

249 3125 354 3191 οίκων
376 3123 469 3192 scol
491 3121 668 3210 Κυθήριοι.

334 3235 412 3294 Huic
433 3238 531 3294 antem
555 3235 722 3312 quaestioni
747 3235 871 3296 accedat
893 3234 992 3295 brevia
1016 3235 1177 3312 disputatio
1200 3235 1238 3296 de
1257 3254 1370 3312 genere

250 3337 413 3398 masculino
441 3337 523 3414 quod
549 3339 714 3415 participiis
742 3343 772 3399 et
793 3338 949 3399 adiectivis
971 3337 1002 3398 in
1025 3355 1089 3404 nau¹
1106 3338 1222 3399 numeri
1245 3338 1369 3416 pluralis

250 3440 434 3501 conceditur.
476 3439 656 3517 Saepissime
679 3442 758 3501 enim
779 3439 976 3518 Thucydides
998 3439 1036 3498 ad
1059 3459 1156 3517 genus
1177 3442 1369 3502 masculinum

249 3544 358 3603 transit
380 3547 449 3620 post
471 3543 605 3604 subiecta
628 3544 756 3620 pluralia
778 3540 855 3622 νῆες
877 3548 906 3604 et
928 3529 1054 3616 πόλεις,
1085 3542 1135 3603 nbi
1161 3531 1296 3605 homines
1319 3544 1369 3604 de-

250 3645 408 3722 signantur
438 3648 489 3723 qui
521 3647 551 3706 in
580 3647 706 3708 navibus
736 3648 785 3707 vel
814 3647 937 3708 urbibus
969 3649 1137 3707 versantur.
1180 3645 1322 3707 Rationes
1351 3664 1370 3704 a

250 3749 397 3826 scriptore
419 3767 456 3810 ea
477 3751 508 3810 in
531 3768 563 3810 re
587 3755 724 3813 serratas
747 3755 817 3812 suut
839 3750 906 3810 hae:

338 3856 364 3912 1.
398 3852 522 3913 Generis
544 3854 623 3913 inter
646 3853 811 3914 subiectum
833 3857 863 3914 et
883 3851 1057 3912 attributum
1073 3850 1303 3926 discrepantiam
1319 3847 1369 3910 de·

250 3955 461 4034 prehendimus
485 3955 507 4033 1,
524 3959 625 4033 110‚4
641 3946 785 4038 τριήρεις
802 3941 950 4034 διάδοχοι
965 3948 1130 4014 πλέουσαι
1145 3945 1178 4023 ἐς
1193 3943 1370 4029 Αἴγυπτον

338 4165 665 4240 stratocliniano
689 4164 831 4242 Ἑλλήνων
860 4163 979 4243 εἴρηται.
1023 4167 1162 4226 Alexand.
1189 4166 1257 4242 περὶ
1286 4185 1370 4240 σχημ.

253 4258 321 4312 VIIl
340 4275 368 4330 p.
380 4255 426 4314 ΙΙΙ
449 4264 478 4312 et
495 4258 586 4314 Tiber.
605 4275 631 4331 p.
645 4264 702 4317 574.
821 4311 824 4318 .

468 4654 898 4886 A*
