3130 4914
1291 304 1331 362 λδ

207 457 373 548 Ἀργείους
394 454 511 528 ου’κίτι
532 462 735 542 κατέλαβον·
760 457 845 530 άλλά
866 458 1071 546 καταβάντες
1094 513 1149 528 ...
1174 462 1207 539 ἐς
1225 485 1333 549 μαχην

206 561 463 651 παρετάσσοντο
493 591 533 633 su
557 563 589 630 οἱ
615 557 767 652 Ἀργεῖοι,
798 575 849 634 ubi
881 575 1026 651 aptiorem
1056 589 1123 632 esse
1153 573 1332 650 partionlam

208 676 362 736 eausaiem
384 663 471 752 (γάρ)
501 674 576 735 bena
606 681 730 736 annotat
757 679 872 754 Dueas,
903 677 953 753 qui
983 674 1061 735 idem
1094 673 1332 734 animadvertere

207 781 327 855 poterat
358 779 425 838 loeo
455 795 577 854 prorsus
607 779 694 838 simili
717 781 781 857 VII,
802 782 892 852 2⁵,4
922 770 955 837 oi
977 760 1150 856 Ἀθηναῖοι
1253 771 1334 854 μίαν

206 873 269 958 μὲν
295 876 384 938 ναῦν
415 869 644 957 λαμβάνουσιν
674 865 792 952 αύτοῑς
823 866 972 961 άνδράσι,
1001 869 1061 950 τάς
1088 864 1118 938 δ’
1141 865 1243 950 άλλας
1269 865 1333 937 οόκ

208 971 434 1062 ἐδυνήθησαν,
464 965 536 1040 ἄλλ’
559 967 815 1062 άποφεύγουσιν
843 975 875 1054 ἐς
905 969 963 1054 τάς
985 971 1208 1060 Συρακούσας
1235 999 1276 1042 se.
1298 973 1334 1039 ui

208 1074 308 1145 άλλαι
343 1082 428 1164 νῆες.
480 1085 525 1147 cf.
548 1104 637 1162 porro
664 1088 701 1165 ΙΙ,
721 1091 771 1165 51,
792 1092 818 1150 3.
849 1085 1058 1164 V1,50,1.⁴⁶)
1109 1087 1179 1146 Non
1209 1103 1334 1162 prorsus

210 1187 331 1248 diversa
353 1187 489 1247 subiecta
511 1191 593 1263 sunt,
626 1187 677 1248 sed
702 1191 846 1266 exparte
869 1191 1041 1266 congruunt
1064 1186 1145 1262 VIII,
1161 1190 1246 1266 84,3
1270 1171 1334 1265 τόρ-

208 1285 317 1368 μησαν
343 1281 538 1368 ἐκραγέντες
564 1281 620 1348 ἐπὶ
646 1279 708 1348 τόν
733 1277 913 1368 Ἀστύοχον
939 1274 1024 1348 ὥστε
1050 1277 1188 1362 βάλλειν
1291 1274 1333 1347 ού

209 1385 325 1469 μέντοι
348 1380 476 1470 ἐβλήθη
499 1407 545 1468 γε,
575 1375 661 1450 άλλά
683 1379 889 1473 διελύθησαν
912 1377 968 1451 ἀπ’
989 1377 1147 1469 ἀλλήλων
1168 1408 1208 1450 so.
1226 1391 1331 1468 Astyo-

210 1494 284 1554 ohns
307 1495 432 1570 eiusque
455 1494 572 1554 milites.
617 1493 699 1555 Ordo
723 1495 923 1555 subieotorum
947 1495 1086 1554 inversus
1110 1494 1330 1570 estlii,16,1

211 1586 244 1654 oi
268 1579 505 1675 Ἀθηναῖοι...
527 1590 674 1674 δηλῶσαι
696 1586 895 1675 βουλόμενοι
917 1595 972 1670 (so.
987 1581 1113 1669 αύτοῑς,
1136 1602 1207 1667 τοῖς
1229 1593 1333 1654 Λακε-

213 1676 420 1776 δαιμονίοις),
444 1682 497 1756 ότι
519 1682 582 1756 οόκ
605 1684 721 1777 ὀρθῶς
743 1688 938 1777 ἐγνώκασιν,
961 1683 1033 1757 ἀλλ’
1054 1686 1121 1757 οἶοί
1142 1692 1180 1756 τέ
1202 1691 1263 1756 είσι
1279 1744 1284 1755 .
1302 1739 1331 1755 ..

211 1800 325 1860 Peioris
352 1801 429 1860 enim
457 1800 540 1861 verbi
569 1801 736 1862 subIeetum
760 1806 804 1863 est
827 1794 965 1875 ἐκεῖνοι,
996 1802 1076 1878 quod
1099 1819 1136 1861 ex
1157 1801 1333 1878 pronomiue

213 1887 329 1972 αύτοῐς
358 1906 428 1979 post
457 1896 605 1982 δηλῶσαι
635 1904 723 1965 simul
753 1903 904 1965 audiendo
934 1907 1107 1975 revocatum
1137 1904 1233 1964 altero
1261 1921 1333 1962 vero
1445 1983 1448 1988 .

213 2004 344 2065 membro
367 2006 496 2082 scriptor
518 2006 555 2065 ad
579 2005 744 2067 subiectum
768 2007 942 2084 primarIum
966 1997 998 2065 ολ
1013 1989 1184 2085 Ἀθηναῖοι
1206 2005 1290 2065 redit.

296 2125 384 2184 Hane
411 2124 554 2184 rationem
582 2126 702 2202 saepius
730 2126 761 2187 in
788 2126 943 2186 infinitIvis
972 2124 1102 2186 everbo
1132 2123 1232 2201 aliquo
1261 2108 1353 2202 pens

213 2225 354 2286 dentibus
376 2226 538 2287 adhibitam
561 2229 738 2306 Invenimus,
767 2229 849 2289 velut
871 2230 921 2305 IV,
939 2231 1020 2300 76,6
1044 2214 1187 2307 ήλπιζον
1210 2257 1219 2284 .-
1235 2269 1267 2285 ..
1291 2243 1333 2284 ου

211 2333 325 2407 μενεῖν
356 2317 443 2386 κατὰ
472 2317 587 2406 χοόραν
617 2315 660 2388 τά
687 2320 883 2410 πράγματα,
914 2315 1002 2388 άλλά
1020 2318 1135 2408 χρόνῳ
1237 2345 1334 2387 κατα-

212 2414 347 2507 στήσειν
369 2416 456 2488 αύτά
478 2421 511 2500 ἐς
533 2420 573 2489 τό
596 2421 789 2510 ἐπιτήδειον
812 2450 852 2492 so.
868 2416 1014 2503 αότοίβλ)
1059 2431 1109 2509 IV,
1125 2433 1174 2502 66,
1190 2434 1218 2491 4.
1242 2435 1290 2502 66,
1306 2433 1335 2490 4.

212 2532 234 2602 1,
252 2535 301 2603 26,
318 2533 344 2590 5.
389 2532 501 2592 Contra
523 2533 739 2594 nominativum
763 2551 828 2594 enm
852 2533 998 2594 infinitivo
1022 2533 1213 2594 coniunctum
1236 2533 1335 2609 sequi·

212 2639 263 2693 tur
285 2635 476 2695 aecusativus
493 2653 559 2696 eum
575 2635 729 2710 Infinitive,
751 2637 836 2697 ouius
851 2637 1017 2698 subiectum
1035 2655 1071 2696 ex
1088 2634 1335 2696 antecedentibus

212 2734 414 2812 supplendum
445 2741 491 2796 est
519 2738 541 2813 Ι,
561 2742 644 2815 43,1
677 2734 743 2796 νύν
771 2722 850 2817 παρ’
872 2721 968 2816 ὑμῶν
995 2722 1036 2796 τό
1064 2722 1150 2795 αὐτὸ
1178 2721 1335 2815 ἀξιοῦμεν

213 2830 411 2914 κομίζεσθαι
423 2831 479 2896 καὶ
490 2828 534 2916 μή
548 2835 589 2915 τῇ
602 2823 747 2920 ήμετέρᾳ
762 2829 867 2918 ψήφῳ
883 2825 1122 2918 ὠφεληθέντας
1137 2835 1177 2914 τή
1192 2823 1336 2919 ὑμετέρᾳ

213 2921 297 3017 ἡμᾶς
319 2928 444 3018 βλάψαι
466 2959 506 3002 se.
522 2925 616 3019 ὑμᾶς.
652 2943 706 3020 111,
721 2945 770 3020 ιο,
786 2947 815 3003 4.
837 2944 888 3020 ιν,
905 2947 954 3020 ευ,
969 2945 998 3002 ε.
1040 2942 1135 3000 Paulo
1158 2941 1335 3001 insolentiis

214 3043 354 3102 omissum
385 3046 431 3102 esi
460 3043 625 3105 subiectum
649 3044 714 3120 VII,
737 3049 822 3123 68,3
849 3034 889 3104 τό
917 3036 954 3103 δέ
981 3032 1184 3122 πραξάντων
1213 3035 1251 3101 ἐκ
1272 3039 1336 3102 τοῦ

214 3137 344 3217 εἰκότος
375 3132 396 3206 ά
425 3137 619 3226 βουλόμεθα
648 3137 769 3207 τούσδε
796 3164 833 3206 τε
860 3143 1073 3225 κολασθῆναι
1099 3139 1156 3204 καὶ
1182 3141 1224 3221 τῇ
1247 3133 1335 3221 πάση

214 3245 356 3332 Σικελίᾳ
379 3243 595 3329 καρπουμένη]
617 3244 674 3308 καὶ
693 3244 775 3329 πρὶν
790 3241 986 3328 ἐλευθερίαν
1003 3242 1216 3328 βεβαιοτέραν
1232 3263 1334 3326 παρα-

214 3349 342 3427 δοῦναι,
366 3342 468 3412 καλός
491 3337 509 3412 ὁ
534 3340 635 3431 άγαόν.
680 3355 757 3414 Nam
779 3357 848 3431 post
868 3341 991 3412 τούσδε
1011 3368 1046 3410 τε
1062 3345 1274 3428 κολασθῆναι
1297 3351 1336 3410 ad

214 3457 342 3518 alterum
369 3457 544 3516 infinitivum
573 3440 787 3535 uenationum
808 3457 866 3516 iam
890 3455 970 3516 aliud
994 3455 1159 3516 subiectum
1183 3438 1268 3531 ήμᾶς
1284 3453 1337 3513 ad·

214 3558 346 3620 dandum
371 3563 424 3620 est

303 3686 331 3742 3.
374 3681 532 3740 Parataxiu
562 3680 702 3740 causalis:
732 3681 783 3758 IV,
806 3685 889 3753 31,1
914 3672 958 3756 (oi
980 3665 1163 3759 Ἀθηναῖοι)
1187 3663 1337 3756 ἐχώρουν

215 3773 328 3863 δρόμῳ
359 3776 414 3843 ἐπί
444 3773 484 3842 τὸ
514 3779 653 3862 πρῶτον
685 3773 915 3864 φυλακτήριον
945 3779 1005 3863 τῆς
1034 3771 1154 3862 νήσου·
1179 3764 1244 3842 ὦδε
1273 3771 1335 3861 γάρ

215 3875 426 3964 διετετάχατο
450 3904 491 3946 so.
507 3877 539 3944 oi
560 3878 597 3944 ἐν
611 3881 651 3962 τῇ
667 3871 769 3967 νήσῳ,
791 3886 829 3946 de
852 3888 961 3964 quibus
985 3904 1051 3946 oum
1074 3886 1235 3946 scholiasta
1258 3884 1336 3959 eogi-

214 3988 336 4050 tandum
364 4007 430 4050 esse
457 4007 493 4049 ox
521 3988 715 4066 sequentibus
741 3991 770 4049 in
798 3989 890 4050 verba
925 3974 1016 4049 οὕτω
1049 3981 1110 4067 μὲν
1139 3981 1335 4066 τεταγμένοι

300 4186 940 4259 υωσκυἮαμῊμωα

301 4272 654 4351 φωωυκ,
