3130 4914
1308 271 1349 332 23

224 429 461 513 πεδεοομένοις
476 436 638 496 iudicatum
656 440 728 496 erat.
750 414 880 497 Primum
898 437 975 498 euim
988 429 1349 514 στρατοπεδευομένοις

224 558 285 600 non
308 538 344 600 de
366 540 475 599 conatu
491 536 545 612 (τ-
561 541 659 600 castra
680 539 798 599 navalia
821 537 1031 613 collocuturis),
1054 539 1106 599 sed
1130 538 1168 598 de
1188 541 1268 600 statu
1283 557 1349 616 per·

224 642 305 702 secto
328 640 382 715 (=
406 643 505 701 castra
533 642 590 700 iam
614 640 803 715 habentibus)
826 641 1061 719 intellegendum
1091 660 1190 720 nequo
1217 640 1256 701 ad
1284 660 1348 702 eam

225 745 284 803 vim
308 741 530 820 exprimendam
558 741 692 820 perfecto
716 736 1095 823 έστρατοπεδευομένοις
1117 762 1194 821 opus
1216 761 1282 806 esse
1303 762 1350 822 re·

225 847 308 923 liquo
332 844 413 922 apud
436 846 533 922 ipsum
549 845 757 923 Thucydidem
780 846 868 906 huius
890 846 975 906 verbi
997 863 1053 907 usu
1077 841 1349 912 demonstrarunt)

224 949 287 1009 lam
315 949 339 1008 si
369 947 435 1025 ipsa
462 949 608 1009 sermonis
636 948 853 1010 cousuetudine
885 949 1092 1026 interpretatio
1119 948 1169 1008 illa
1195 949 1225 1009 in
1253 948 1349 1024 suspi-

225 1051 341 1112 cionem
365 1054 501 1128 vocatur,
532 1067 657 1127 prorsus
689 1053 790 1128 inepta
813 1051 966 1111 videbitur
989 1052 1167 1112 senteutiam
1191 1049 1348 1111 verborum

225 1153 468 1232 respicientibus
492 1171 591 1230 neque
614 1154 690 1214 euim
714 1155 776 1214 ullo
799 1153 887 1215 modo
910 1153 973 1214 fieri
995 1157 1103 1231 potest,
1133 1157 1167 1214 ut
1189 1154 1220 1212 iu
1242 1155 1349 1230 imper·

225 1257 304 1319 fecto
327 1249 514 1316 κατέπλεον
536 1257 781 1336 aequiescamus,¹
801 1256 853 1318 sed
881 1255 1043 1318 dicendum
1067 1257 1170 1333 utiquo
1194 1259 1240 1316 est
1262 1255 1350 1333 quid-

226 1378 292 1420 nam
324 1359 361 1419 de
395 1358 452 1419 illis
482 1359 709 1420 Atheniensium
739 1358 866 1420 navibus
899 1360 958 1420 fiat.
1011 1358 1097 1433 Quod
1128 1359 1184 1419 nisi
1213 1357 1349 1419 additum

225 1463 292 1539 erit,
314 1461 461 1522 sententia
484 1459 674 1522 claudicabit.
719 1461 810 1538 Quae
827 1479 893 1522 cum
916 1463 958 1522 ita
980 1462 1053 1538 sint,
1083 1459 1256 1539 recipienda
1278 1460 1350 1520 mihi

225 1563 347 1626 videtur
370 1562 500 1653 Goelleri
521 1564 742 1641 interpretatio:
769 1568 817 1636 „et
838 1582 932 1624 naves
954 1563 1022 1624 illae
1038 1562 1091 1637 (sc.
1107 1559 1348 1633 Atheniensium)

225 1667 255 1726 iu
287 1667 444 1726 stationem
473 1665 611 1726 invectae
638 1665 739 1744 sunt“‚
768 1667 810 1728 ita
838 1671 871 1728 ut
899 1666 1059 1744 repentina
1080 1669 1149 1742 post
1171 1652 1366 1742 particulam¹
1448 1684 1455 1702 ¹

225 1761 282 1826 καί
304 1767 426 1829 subiecti
450 1768 574 1830 mutatio
596 1768 777 1846 intercedat,
807 1769 837 1828 in
861 1786 934 1845 qua,
965 1770 1068 1845 utpote
1091 1767 1233 1844 exemplis
1256 1784 1349 1845 supra

225 1870 361 1931 tractatis
389 1869 534 1931 similibus
558 1871 630 1930 satis
654 1874 804 1947 excusata,
833 1889 893 1931 nou
917 1869 1115 1931 haerebimus.
1159 1869 1253 1929 Paulo
1277 1887 1348 1929 saue

224 1973 399 2035 insolentior
420 1991 468 2034 res
490 1973 548 2033 hoc
571 1973 636 2034 loco
660 1991 697 2034 ea
719 1993 752 2034 re
768 1973 809 2049 fit,
832 1973 913 2050 quod
930 1973 1077 2034 obiectum
1094 1971 1178 2032 vorbi
1195 1961 1348 2050 ἔγνωσαν

225 2064 296 2150 (τὰς
319 2069 390 2134 τῶν
409 2057 598 2153 Ἀθηναίων
621 2072 724 2152 ναῖς),
747 2095 784 2135 ex
807 2093 866 2152 quo
890 2093 1001 2136 novum
1023 2073 1096 2134 illud
1119 2073 1284 2134 subiectum
1308 2075 1347 2148 ad

225 2161 415 2256 ὡρμίσαντο
439 2179 597 2254 repetitur,
628 2179 725 2255 ipsum
754 2195 876 2255 quoquc
903 2178 1001 2238 animo
1029 2175 1269 2238 subaudiendum
1294 2180 1347 2236 cst.

224 2279 284 2340 Sed
311 2280 416 2341 similia
444 2285 526 2340 certe
553 2284 678 2358 suntet
700 2299 734 2342 ea
758 2299 836 2358 quac
859 2298 952 2357 supra
975 2280 1059 2355 attigi
1082 2279 1135 2356 ΙΙΙ,
1150 2283 1178 2356 5,
1193 2283 1223 2356 4,
1246 2283 1275 2340 et
1297 2280 1373 2360 lv„

224 2385 305 2458 47,1
330 2363 375 2450 ὡς
391 2373 427 2439 δὲ
442 2370 579 2440 έπεισοιν
596 2378 781 2454 (simulandi
798 2370 877 2450 τούς
893 2372 930 2440 έν
945 2377 986 2458 τῇ
1002 2368 1105 2458 νήσῳ)
1120 2373 1177 2438 καὶ
1192 2371 1347 2438 ἐκπλέον-

226 2500 279 2553 τες
302 2471 501 2562 ἐλήφθησαν
522 2499 564 2542 so.
580 2473 612 2541 οἱ
635 2473 671 2540 ἐν
692 2469 734 2559 si]
754 2472 856 2562 νήσῳ.

311 2589 338 2646 2.
383 2584 443 2644 Iam
478 2585 515 2644 ad
550 2586 707 2662 parataxiu
745 2584 965 2646 adversativam
1005 2585 1184 2645 transiturus
1218 2584 1346 2661 primum

224 2705 321 2764 pauca
343 2685 438 2746 dicam
463 2686 500 2748 da
522 2686 656 2748 relativis
679 2688 835 2748 sententiis
858 2687 898 2748 lta
922 2705 1021 2746 secum
1050 2687 1232 2762 coniunctis,
1262 2691 1294 2746 ut
1316 2687 1346 2747 iu

224 2791 321 2850 altera
344 2791 491 2851 sententia
514 2790 678 2850 subiectum
702 2809 739 2852 ex
754 2791 855 2868 priore
869 2789 1066 2867 repetendum
1083 2789 1130 2862 sit,
1154 2787 1235 2866 quod
1251 2808 1347 2866 genus

225 2892 343 2952 dicendi
374 2892 462 2952 etiam
493 2892 523 2952 iu
558 2892 735 2968 copulativis
768 2892 923 2968 particulis
953 2891 1092 2952 occurrit.
1145 2893 1204 2951 Res
1235 2889 1346 2969 simpli·

225 2995 342 3056 cissima
370 2996 429 3071 est,
459 2994 484 3054 si
514 2994 700 3070 pronominis
731 2993 849 3054 relativi
881 2994 1072 3056 aecusativus
1100 2993 1220 3069 generis
1247 2994 1346 3054 neutri

224 3096 388 3169 antecedit,
424 3096 536 3173 quippe
573 3097 623 3172 qui
652 3114 671 3155 a
701 3097 884 3157 nominativo
920 3095 1127 3156 subaudiendo
1161 3093 1256 3157 forma
1286 3115 1345 3156 non

225 3195 391 3271 differat.⁴⁰)
436 3198 479 3258 Oi.
495 3199 533 3270 11,
550 3201 635 3274 84,2
665 3181 749 3276 ὅπερ
779 3184 956 3275 ἀναμένων
986 3215 1022 3256 τε
1052 3191 1225 3276 περιέπλει
1248 3192 1346 3276 (Φορ-

222 3296 320 3380 μίων)
350 3295 406 3359 καὶ
436 3291 537 3379 (simul
572 3298 643 3360 audi
674 3285 770 3378 daeo)
805 3289 919 3360 εἰώθει
952 3294 1133 3378 γίγνεσθαι.
1177 3301 1228 3378 IV,
1253 3305 1345 3378 17,1.

223 3403 318 3466 Paulo
341 3403 428 3462 aliter
450 3405 499 3474 59,
516 3408 545 3479 3,
569 3402 619 3462 ubi
641 3402 708 3462 vide
732 3399 904 3474 classone)

309 3508 333 3566 Ε
365 3505 465 3566 dativo
494 3505 679 3582 pronominis
707 3505 824 3566 relativi
855 3505 1057 3566 nominativus
1087 3504 1270 3583 repetendus
1301 3509 1346 3565 est

223 3614 246 3685 l,
264 3615 347 3691 36,1
371 3594 440 3688 ὅτῳ
462 3598 541 3668 τάδε
563 3603 777 3687 ξομφέροντοι
799 3603 860 3687 μὲν
883 3603 978 3668 δοκεῖ
999 3602 1163 3685 λέγεσθαι,
1194 3607 1345 3685 φοβεῖται

224 3709 334 3776 δέ...
359 3713 559 3792 V1,78‚1.⁴²)

310 3881 344 3948 89)
364 3876 406 3933 Of.
425 3877 551 3933 Classen.
569 3877 605 3932 ad
623 3875 672 3944 IV,
686 3881 727 3946 26,
740 3883 763 3932 3.

308 3968 343 4032 ⁴⁰)
361 3965 465 4020 Eadem
484 3965 631 4018 formarum
644 3963 838 4032 congruentia,
856 3961 910 4016 nisi
923 3962 999 4031 quod
1012 3961 1153 4030 praecedit
1166 3975 1264 4016 uomen
1278 3975 1344 4015 neu·

222 4053 307 4120 trale‚
334 4049 451 4106 subiecti
475 4049 595 4105 mutatio
620 4049 762 4116 mitigatur
780 4047 828 4117 VI,
842 4052 911 4114 v1‚2
936 4038 1015 4111 ὅπως
1032 4043 1165 4118 χρήματα
1249 4041 1345 4110 ξυλλέ-

224 4139 329 4201 ξωνται
348 4134 397 4192 καὶ
415 4129 483 4206 παρ’
504 4128 659 4203 Ἀθηναίων
676 4127 751 4203 ἔλθῃ
771 4149 810 4189 sc.
829 4129 970 4205 χρήματα.
989 4139 1030 4200 27,
1043 4138 1066 4188 3.
1085 4133 1150 4190 Her.
1162 4131 1197 4201 V,
1211 4136 1251 4202 24,
1266 4137 1304 4186 15.

309 4225 343 4289 ⁴¹)
361 4221 425 4276 fler.
440 4221 532 4291 1,111,
548 4223 586 4274 ra.

309 4309 344 4375 ⁴²)
362 4306 425 4363 Her.
438 4305 517 4374 Vlll,
530 4309 571 4376 21,
585 4311 608 4359 2.
627 4311 669 4376 75,
682 4311 704 4359 5.
725 4303 758 4375 V,
772 4309 812 4372 83,
828 4309 866 4358 11.
885 4303 933 4375 ΙΙΙ,
946 4308 987 4372 31,
1000 4309 1023 4360 3.
1041 4301 1090 4373 ΙΙΙ,
1104 4307 1144 4366 46,
1159 4305 1197 4358 12.
