3130 4914
241 308 280 365 22

242 460 456 551 αἰτησόμενοι
478 461 668 550 μακρότερα
691 463 798 530 εἰπεῖν
820 464 878 530 καί
892 458 1121 548 προτάξαντες
1135 464 1233 546 σφῶν
1247 454 1365 530 αὐτῶν

241 559 445 652 Άστόμαχόν
464 591 500 632 τε
518 563 582 633 τόν
596 558 812 633 Άσιοπολόιου
834 566 891 631 καὶ
906 561 1053 632 Λάκωνα
1067 561 1129 631 τόν
1142 552 1365 650 Ἀειμνήστου,

240 664 410 754 πρόξενον
426 661 509 735 όντα
520 669 811 753 Λακεδαιμονίων·
824 670 881 734 καί
893 663 1097 745 ἐπελθόντες
1109 663 1224 752 ἔλεγον
1234 659 1362 734 τοιάδε·

241 797 282 838 oc.
296 762 494 856 Άστύμαχός
515 796 551 838 τε
573 771 630 836 καὶ
652 766 788 854 Acincum
816 796 884 839 nam
907 777 945 838 ad
969 778 1024 838 hoo
1046 777 1141 855 solos,
1169 781 1273 854 utpote
1296 779 1364 838 Pla·

241 881 406 940 taeensium
434 898 542 940 causac
570 883 716 958 patronos
747 880 939 956 constitutos,
968 877 1042 939 illud
1075 868 1192 956 ἐλεγον
1222 878 1363 956 pertinet

243 983 338 1057 Quam
368 987 401 1042 ut
432 982 551 1043 tolleret
582 983 782 1043 subiectorum
814 982 988 1042 varietatem
1018 979 1243 1042 Herwerdonus
1265 979 1364 1054 (Stud.

242 1085 337 1144 Thuc
353 1104 381 1161 p.
398 1083 451 1156 44)
475 1075 508 1143 οὶ
531 1077 569 1150 δὲ
586 1072 691 1162 λόγον
712 1072 926 1164 αἰτησόμενοι
940 1071 1150 1162 μακρότερον
1166 1074 1273 1142 εἰπεῖν
1292 1084 1364 1143 scri·

243 1186 375 1247 bendum
397 1186 556 1264 proposuit
583 1185 688 1247 delens
711 1204 777 1246 cum
800 1187 959 1264 Kroegero
981 1179 1038 1244 καί
1059 1191 1129 1246 ante
1152 1175 1363 1256 ἐπελθόντες.

242 1287 301 1350 seu
324 1288 482 1367 appellatis
505 1289 675 1349 nominibus
698 1307 800 1349 eorum
823 1289 874 1365 qui
897 1289 991 1348 verba
1006 1287 1144 1350 iecerunt
1159 1273 1364 1360 ἐπελθόντες

241 1409 347 1468 parum
371 1391 524 1452 commode
547 1391 584 1450 aul
607 1408 709 1451 omnes
732 1391 924 1451 Plataeenses
945 1390 1085 1451 retertur.

327 1493 382 1553 His
405 1493 549 1569 exemplis
571 1497 641 1570 apte
664 1497 865 1554 annectuntur
887 1493 946 1553 alia
961 1493 1115 1565 nonnulla,
1138 1492 1188 1554 nbi
1204 1494 1363 1554 sententia·

242 1614 307 1656 rum
331 1596 502 1656 coniunctio
531 1613 585 1673 per
616 1594 793 1671 particulam
817 1588 853 1654 όέ
876 1595 1076 1673 copulativam
1101 1593 1238 1656 eflicitur.
1282 1595 1327 1655 Of.
1342 1597 1365 1674 1,

243 1702 323 1770 24,7
341 1688 373 1756 oi
388 1681 593 1776 Ἐπιδάμνιοι
615 1691 806 1776 πέμπουσιν
825 1689 857 1768 ἐς
876 1687 940 1776 τὴν
955 1690 1130 1775 Κέρκυραν
1150 1690 1303 1776 πρέσβεις
1318 1681 1365 1769 τός

241 1787 452 1879 μητρόπολιν
473 1785 588 1872 οὖσαν,
612 1788 939 1878 δεόμενοι...ταῦτα
959 1793 995 1859 δὲ
1015 1791 1122 1858 ίκέται
1141 1789 1364 1877 καθεζόμενοι

243 1895 275 1972 ἐς
296 1887 336 1960 τό
345 1885 483 1980 Ἥραιον
505 1893 641 1962 ἐδέοντο
664 1920 705 1962 sc.
721 1894 754 1962 ol
776 1896 937 1982 πρέσβεις.
982 1902 1059 1962 Nam
1082 1902 1120 1962 de
1142 1902 1188 1963 his
1209 1901 1281 1962 solio
1303 1921 1363 1964 non

242 2007 302 2062 tam
318 2006 442 2080 propter
458 1994 606 2076 ἐδέοντο,
622 2003 734 2082 quippe
751 2003 831 2078 quod
847 2007 986 2079 utsupra
1002 2003 1192 2080 participium
1211 1991 1364 2080 δεόμενοι

243 2106 332 2166 etiam
356 2103 394 2164 ad
418 2123 520 2166 omnes
544 2104 740 2182 Epidamnios
762 2105 868 2167 referri
892 2105 989 2184 liccat,
1012 2123 1101 2183 quam
1116 2110 1242 2183 propter
1257 2095 1365 2164 ίκέται

243 2198 466 2285 καθεζόμενοι
488 2200 521 2278 ἐς
543 2194 582 2267 τὸ
598 2192 737 2287 Ἥραιον
760 2209 953 2286 cogitandum
975 2208 1104 2269 videtur.
1147 2206 1321 2286 1,ae,1.³⁸)

328 2312 390 2370 lom
425 2310 656 2387 disputationem
693 2316 823 2372 nostram
857 2311 894 2371 de
922 2310 1055 2372 subiecto
1082 2315 1150 2390 post
1186 2312 1364 2388 particulam

243 2413 326 2474 illam
353 2407 410 2470 καί
436 2416 550 2473 mutato
578 2413 615 2473 sd
642 2412 729 2473 tinem
760 2412 969 2491 perducamus.
1013 2411 1158 2492 Superest
1181 2414 1258 2474 enim
1279 2415 1365 2474 locus

244 2516 316 2576 satis
339 2514 496 2591 ambiguus
519 2516 609 2576 stab
633 2516 770 2576 omnibus
793 2518 942 2593 quotquot
964 2519 1067 2576 nostra
1088 2516 1252 2576 extiterunt
1267 2519 1366 2577 aetate

244 2615 409 2678 editoribus
439 2619 601 2694 temptatus
631 2618 660 2695 1,
682 2621 736 2693 51,
751 2622 771 2678 4
804 2622 876 2688 τοῖς
909 2609 944 2676 δέ
973 2611 1196 2734 Κερκυραίοις
1227 2627 1365 2698 στρατο-

244 2711 481 2795 πεόευομένοις
512 2710 568 2778 ἐπὶ
602 2705 642 2795 τὴ
672 2712 841 2796 Λευκίμνῃ
879 2710 912 2778 ul
949 2711 1053 2778 εἴκοσι
1090 2715 1167 2798 νῆες
1197 2703 1264 2779 ἀπὸ
1294 2717 1365 2779 τῶν

244 2805 398 2900 Αθηνοόν
419 2811 565 2880 αὐται..
579 2814 791 2880 ,κατέπλεον
814 2813 847 2892 ἐς
868 2808 908 2879 τὸ
931 2809 1163 2898 στρατόπεδον
1184 2805 1225 2880 οὗ
1244 2819 1366 2900 πολλῷ

244 2908 388 3001 όστερον
409 2910 430 3001 ἤ
453 2909 631 3002 ὤφθησαν.
655 2913 687 2981 οί
711 2915 747 2982 δὲ
768 2920 973 3002 Κερκυραῖοι
995 2911 1216 3002 ἐφοβήθησαν
1236 2914 1281 3002 μὴ
1303 2940 1365 2983 πο-

245 3020 353 3103 λέμιαι
375 3023 467 3097 ὠσιν,
495 3016 611 3084 ἐπειτα
634 3016 708 3084 όὲ”
693 3036 856 3105 εγνοοσαν·
880 3020 936 3084 καί
958 3013 1157 3104 ὡρμίσαντο.
1203 3027 1365 3101 Quaeritur

246 3131 324 3192 enim
355 3135 453 3192 utrum
480 3130 604 3193 verbum
634 3114 823 3209 οόρμίσαντο
856 3131 894 3192 ad
924 3131 1109 3208 Corcyraeos
1137 3149 1176 3191 an
1207 3129 1247 3190 ad
1273 3149 1364 3192 naves

246 3238 474 3300 Atheniensium
508 3244 634 3317 spectet,
673 3239 714 3298 ita
747 3243 780 3298 ut
812 3238 937 3300 subiecti
971 3239 1094 3299 mutatio
1127 3238 1287 3301 statuenda
1318 3239 1365 3300 sit.

246 3341 333 3415 Quod
361 3361 398 3404 ne
426 3343 512 3404 tieret
539 3343 698 3405 scholiasta
725 3361 853 3420 eumque
876 3346 997 3404 secutus
1019 3344 1129 3404 Portus
1152 3342 1243 3403 verbo
1266 3324 1364 3420 εόρμί-

247 3455 349 3502 σαντο
373 3447 431 3505 vim
458 3445 629 3507 tribuerunt
655 3447 857 3519 transitivum,
887 3450 920 3506 nt
941 3449 1032 3507 esset:
1058 3446 1106 3520 „in
1130 3463 1200 3506 suas
1222 3448 1366 3509 stationes

247 3547 456 3625 1·eceperunt“.
501 3550 585 3624 Quae
608 3550 815 3628 interpretatio
839 3549 974 3627 quamvis
997 3566 1116 3610 sensum
1132 3549 1276 3628 praebeat
1291 3551 1366 3628 opti-

247 3667 341 3728 mum,
369 3655 467 3712 tamen
491 3652 642 3713 reicienda
664 3655 722 3730 est,
751 3654 823 3730 quia
845 3653 970 3713 verbum
993 3635 1189 3730 ὁρμίζεσθαι
1212 3653 1366 3714 transitivo

247 3759 423 3832 usurpatum
454 3759 583 3816 tentante
607 3755 748 3815 Olosaeno
779 3774 926 3832 nusquam
957 3743 1075 3832 legitur.
1118 3756 1162 3816 Ac
1194 3775 1231 3816 ne
1254 3756 1365 3818 Stahlio

247 3858 367 3936 quidem
396 3857 619 3918 assentiendum
650 3856 778 3917 arbitror
808 3857 885 3918 idem
914 3857 1079 3919 subiectum
1108 3850 1140 3916 οί
1162 3857 1366 3938 Κερκυραῖοι

247 3960 388 4022 retinenti
415 3964 507 4038 atque
532 3960 674 4019 vertenti:
700 3963 837 4037 „portum
863 3960 1042 4034 intrarunt“‚
1068 3965 1210 4038 tanquam
1233 3962 1365 4022 eiusdem

246 4065 290 4126 rei
318 4063 463 4142 perfectio
490 4061 689 4142 significetur,
719 4063 803 4124 cuins
830 4062 946 4124 initium
970 4063 1022 4134 §4
1048 4065 1205 4142 participio
1229 4075 1365 4143 στρατο-

349 4199 450 4206 -.——-=

335 4241 1006 4352 mmmmmmmemma
