3130 4914
232 255 271 311 16

231 417 322 477 (iuius
350 417 468 493 generis
498 415 617 476 dieendi
647 433 745 491 panea
774 419 894 476 exstant
924 415 1071 492 exemplu;
1106 415 1349 488 cf.vss1‚ee‚2

232 504 386 594 ἄντέλεγί
406 533 443 576 τε
469 501 579 587 οὐδεὶς
607 507 655 574 ἔτι
681 514 751 575 τῶν
773 505 896 590 ἄλλων,
925 503 1043 588 δεδιως
1065 511 1121 574 καὶ
1144 500 1237 596 δρῶν
1258 507 1351 577 πολὺ

230 606 270 679 τὸ
293 608 495 699 ξυνεστηκός
517 637 557 680 su.
574 609 714 688 ἕκαστος
735 639 770 680 ex
787 603 897 690 οὐδείς
912 619 1121 696 mutuandum3
1144 637 1231 680 nemu
1247 623 1353 680 eontra

232 723 351 783 dicebat
373 723 488 782 veritus
503 766 510 782 .
525 765 532 781 .
549 719 596 793 δῖ)
641 721 737 795 Quum
769 722 1043 798 interpretationem
1071 740 1173 782 veram
1197 739 1263 782 esse
1285 739 1353 798 per-

231 826 367 902 spicuum
384 824 425 899 fit,
449 824 473 884 si
489 824 701 901 perpendimus
725 842 784 884 non
801 823 897 883 minus
912 824 989 884 bene
1005 823 1093 883 scribi
1107 824 1240 901 putuisse
1256 807 1352 882 ἄντί-

230 921 305 1005 λεγέ
326 944 363 985 τε
386 910 497 996 οὐδεὶς
519 916 567 984 ἔτι
589 921 660 984 τῶν
682 911 807 998 ἄλλων,
831 913 993 984 δεδιότων
1008 918 1065 983 καὶ
1080 907 1245 1004 ὁρώντων
1258 914 1350 985 uude)

230 1018 271 1088 τδ
293 1018 502 1109 ξυνεστηκός.
539 1028 584 1089 Of.
600 1028 650 1105 VI,
665 1031 717 1106 84,
733 1032 759 1087 1.
803 1027 911 1104 Neque
926 1046 1000 1088 veru
1024 1028 1083 1089 hue
1105 1027 1284 1088 referendus
1306 1031 1352 1088 est

231 1131 316 1191 luens
339 1132 389 1207 IV,
406 1135 453 1208 10,
470 1136 497 1208 13
528 1149 595 1190 uam
625 1129 707 1207 qnod
737 1131 919 1207 interpretes
942 1131 1079 1190 nonnulli
1102 1147 1156 1206 pro
1178 1126 1309 1207 μᾶλλον
1330 1115 1351 1207 ἢ

232 1233 367 1294 scribunt
395 1229 526 1311 μᾶλλον
556 1227 594 1292 δι’
622 1251 638 1292 e
668 1232 825 1310 superiore
854 1225 967 1311 μηδείς
1001 1234 1181 1294 eontrarium
1213 1223 1353 1303 ἕκαστος

232 1338 415 1412 repetentes,
448 1335 485 1395 ub
518 1335 613 1398 ultera
646 1334 782 1396 eodiuum
817 1334 943 1395 leutiune
975 1322 1152 1414 μᾶλίανῆ
1186 1353 1281 1412 usque
1313 1335 1352 1396 ad

232 1435 404 1496 Bekkerum
430 1440 553 1513 recepta
579 1437 644 1499 sine
671 1438 749 1497 iusta
776 1454 868 1497 eausa
895 1439 1094 1497 recesserunt.
1137 1436 1230 1498 Plura
1256 1436 1352 1498 ende

232 1539 299 1599 loeo
322 1538 424 1599 dicere
447 1540 563 1616 umitt0;
591 1557 657 1600 nam
684 1543 817 1600 veterem
845 1539 1024 1615 scripturam
1051 1538 1265 1599 restituendam
1288 1555 1353 1600 esse

232 1641 303 1701 setis
325 1642 472 1717 probatur
494 1641 640 1701 similibus
663 1641 744 1718 apud
760 1641 969 1718 Thucydidem
993 1641 1202 1717 locutionibus,
1224 1659 1300 1719 quas
1322 1643 1352 1702 in

232 1744 443 1830 cummenterio
465 1744 596 1806 Stahliue
619 1745 806 1821 maximeque
829 1743 1042 1826 Olassenusiu
1066 1744 1135 1804 adue
1151 1745 1215 1806 erit.
1230 1745 1268 1805 ad
1291 1745 1351 1806 Le.

231 1847 430 1924 protulerunt.

317 1949 441 2026 Saepius
467 1949 519 2008 tali
548 1948 756 2025 supplemento
785 1967 862 2026 epus
890 1952 935 2010 est
961 1950 991 2009 in
1021 1949 1184 2011 enuntietis
1206 1967 1261 2026 per
1284 1967 1354 2009 νον·

231 2052 400 2112 iunetiunes
424 2035 507 2110 ἀλλά
529 2051 578 2111 vel
606 2044 643 2110 δέ
664 2052 743 2111 ἰνίον
764 2069 797 2112 ee
820 2052 964 2129 oppositis
986 2057 1077 2129 atque
1099 2052 1142 2113 ita
1164 2053 1353 2129 comparatis,

233 2158 266 2214 ut
288 2155 370 2231 prior
396 2154 563 2215 sententiae
590 2171 662 2230 pars
689 2154 832 2231 negativa
860 2153 898 2212 ed
925 2154 1080 2233 proprium
1108 2154 1267 2217 verborum
1290 2172 1355 2214 sen·

233 2275 297 2317 snm
325 2256 398 2316 nihil
427 2257 541 2334 valeat,
572 2255 625 2317 sed
652 2255 690 2314 ed
718 2255 888 2333 augendam
911 2257 969 2316 vim
993 2258 1165 2334 posterioris
1187 2257 1282 2334 pertis
1304 2256 1355 2317 ed·

234 2358 327 2421 ditum
344 2360 391 2419 eit.
435 2359 503 2433 Qua
518 2358 555 2418 de
570 2377 603 2418 re
626 2358 701 2418 dixit
717 2357 878 2419 Classenns
899 2359 936 2418 ad
951 2360 988 2436 Π,
1005 2363 1055 2436 98,
1070 2365 1098 2431 3,
1121 2360 1171 2420 ubi
1194 2360 1238 2420 sin
1260 2359 1354 2435 serip-

233 2467 295 2523 tum
318 2461 467 2522 videmus:
495 2447 692 2539 ἀπεγίγνετο
714 2455 777 2539 μὲν
798 2445 984 2520 οὐδὲντοῦ
1005 2458 1154 2540 στρατοῦ
1174 2506 1180 2520 .
1252 2471 1355 2540 προσ·

233 2558 381 2642 εγίγνετο
410 2557 446 2622 δέ
472 2581 512 2624 se.
527 2560 631 2622 πᾶντι
653 2564 702 2623 vel
730 2563 830 2641 potius
859 2547 922 2621 οὐκ
944 2546 1070 2641 ὀλίγον.
1115 2566 1188 2624 ltem
1210 2565 1241 2625 iu
1264 2582 1355 2641 eppe

234 2666 392 2728 sitionibus
421 2684 476 2743 per
505 2665 668 2742 particulas
696 2659 758 2743 μέν
774 2695 816 2706 -
833 2659 871 2724 δέ
900 2665 1059 2738 effoetis28)
1086 2684 1122 2726 ex
1152 2651 1262 2736 οὐδείς
1288 2667 1357 2726 ννίι·

234 2768 416 2829 audiendum
440 2774 486 2829 eut
507 2757 631 2838 πάντες
654 2769 690 2845 11,
706 2772 790 2840 84,3
813 2758 846 2826 ui
859 2752 1030 2847 Ἀθηναῖοι
1052 2753 1143 2845 (τοὺς
1163 2762 1355 2847 πολεμίους)

234 2864 443 2950 κατέστησαν
465 2862 498 2940 ἐς
521 2854 629 2945 ἀλκὴν
651 2864 712 2949 μὲν
734 2863 861 2950 μηδένα
882 2864 1066 2950 τρέπεσθαι
1082 2855 1196 2930 αὐτῶν
1212 2854 1280 2930 dard
1296 2867 1356 2949 τῆς

234 2968 388 3051 ταραχῆς,
419 2961 555 3051 φεύγειν
586 2965 622 3030 δέ
651 2990 692 3032 se.
711 2957 851 3043 πάντας.
901 2973 1019 3034 Dixerit
1049 2973 1178 3034 fortasse
1208 2974 1356 3051 quispiam

235 3075 416 3154 prueeedere
445 3077 618 3153 genetivum
648 3077 823 3153 partitivum
847 3062 971 3146 αὐτῶν,
1003 3080 1093 3156 atque
1123 3095 1219 3138 exeo
1242 3077 1356 3137 subiec-

234 3184 297 3241 tum
328 3165 452 3251 αὐτούς
481 3179 678 3256 repetendum
709 3198 783 3241 esse.
827 3182 935 3258 Neque
965 3185 1064 3242 tumen
1096 3182 1171 3242 ratio
1203 3200 1262 3257 qua
1291 3197 1356 3241 sen·

234 3283 346 3342 tentiae
374 3283 453 3342 inter
481 3300 513 3342 se
543 3283 699 3359 excipiunt
727 3300 761 3343 eu
791 3285 848 3354 est,
879 3287 912 3342 ut
942 3284 1063 3344 notione
1092 3272 1224 3352 πάντας
1254 3299 1356 3342 carere

235 3385 395 3464 possimus3
424 3384 502 3444 idem
533 3383 831 3445 animadvertendum
862 3383 983 3445 videtur
1009 3385 1046 3457 Π,
1066 3387 1116 3463 42,
1131 3387 1161 3443 4.
1190 3384 1242 3462 ΙΙΙ,
1262 3386 1312 3462 22,
1328 3388 1356 3444 6.

236 3486 306 3546 Her.
322 3486 361 3564 11,
377 3489 447 3563 165,
463 3489 491 3546 5.
513 3486 562 3558 IX,
580 3490 630 3560 70,
646 3490 694 3547 21.

321 3591 390 3650 Νον
422 3587 497 3650 adeo
527 3588 665 3664 vulgaria
698 3592 768 3647 sunt
799 3606 876 3666 quae
906 3588 1032 3664 legimus
1054 3587 1093 3666 ΙΙ,
1112 3589 1197 3665 53,4
1223 3581 1295 3645 τῶν
1323 3577 1358 3644 δὲ

236 3674 484 3770 ἁμαρτημάτων
515 3674 625 3761 οὐδεὶς
653 3681 801 3766 ἐλπίζων
837 3684 931 3768 μέχρι
968 3685 1031 3749 τοῦ
1069 3683 1165 3768 δίκην
1199 3681 1358 3766 γενέσθαι

237 3779 330 3866 βιοὺς
352 3780 394 3850 ἄν
416 3777 480 3870 τὴν
501 3785 663 3871 τιμωρίαν
686 3775 893 3868 ἀντιδοῦναι,
915 3781 1006 3850 πολὺ
1029 3785 1065 3850 δὲ
1087 3783 1189 3868 μείζω
1210 3780 1275 3868 τὴν
1295 3775 1357 3870 ἤδη

323 3957 358 4024 ²⁷)
377 3955 492 4009 Latinos
510 3967 622 4023 queque
640 3953 682 4008 sie
693 3953 771 4023 loqui
782 3954 846 4009 loeo
858 3953 992 4023 probatur
1003 3952 1118 4010 Tanites
1130 3951 1228 4007 histor.
1241 3951 1277 4019 11,
1290 3955 1330 4021 52,
1342 3956 1358 4005 9

238 4041 285 4096 ubi
304 4041 370 4096 vide
388 4040 534 4096 Heraeum.
571 4036 614 4093 ef.
631 4039 732 4108 Haase,
750 4039 826 4095 Vorl.
840 4039 861 4104 1,
874 4043 933 4094 205.

324 4129 358 4193 ²⁸)
377 4127 419 4180 De
437 4126 489 4180 hae
506 4124 707 4194 particularum
724 4125 754 4180 vi
770 4124 943 4195 parateutieu
960 4123 995 4178 ei.
1013 4123 1120 4189 Oeituu
1138 4122 1174 4178 de
1193 4121 1290 4190 partie.
1304 4115 1359 4188 μέν

238 4240 271 4249 -
290 4206 321 4265 δὲ
339 4211 415 4280 upud
433 4209 559 4280 'l‘hueyd
579 4224 641 4280 usn,
659 4209 727 4264 diss.
746 4210 886 4264 lindissi
906 4225 933 4278 p.
950 4213 987 4263 tt.
