3130 4914
1251 307 1291 368 iu

169 452 320 548 ὑπηρέτῃ
343 458 494 548 δραχμὴν
508 459 672 548 ἐλάμβανε
694 465 752 545 τῆς
769 451 892 547 ἡμέρας
914 485 955 528 sc.
971 469 1177 548 unusquisque
1197 457 1293 531 ὁπλί-

170 588 242 649 της,
270 572 411 631 omissum
432 573 523 648 igitur
546 575 591 630 est
613 589 777 648 pronomen
801 560 950 643 ἕκαστος,
978 570 1059 648 quod
1080 573 1147 632 loco
1168 591 1293 650 prorsus

169 674 256 734 simili
281 676 343 746 Vll,
361 678 444 747 27,2
473 674 657 750 adscriptum
685 673 830 734 videmus.
874 673 1065 762 llonendumk
1085 693 1156 736 sane
1183 681 1230 737 est
1255 677 1293 737 do

170 777 261 836 totius
285 777 391 854 capitis
414 780 537 837 auctore
560 775 694 837 homines
717 775 822 837 doctos
844 776 922 836 inter
945 794 976 835 se
992 774 1213 851 dissentireii)¹
1234 777 1293 839 Sed

170 879 253 956 quod
276 879 437 940 Olassenus
460 879 574 956 causis,
601 879 709 957 quibus
732 882 896 940 commotus
919 883 1011 955 caput
1033 881 1191 957 septimum
1215 881 1292 942 deci·

171 1002 249 1042 mum
264 1001 340 1052 oum
355 983 479 1060 Steupio
501 981 674 1058 Thucydidi
697 981 931 1062 abiudioandum
953 987 1064 1055 censet,
1087 985 1174 1044 etiam
1191 986 1294 1062 singu·

171 1087 262 1146 larem
285 1086 368 1146 illum
392 1086 529 1146 subiecto
551 1085 659 1162 plurali
679 1084 853 1146 adiunctum
870 1089 1056 1158 annumerat,
1079 1086 1217 1163 equidem
1228 1106 1293 1150 uon

170 1189 326 1263 assentior.
376 1189 454 1248 Nam
492 1188 546 1248 etsi
582 1188 752 1264 exemplum
778 1187 1011 1265 Thucydidenm
1046 1207 1170 1266 prorsus
1200 1191 1294 1251 simile

170 1291 282 1352 frustra
303 1291 573 1368 circumspicimus,
600 1293 699 1350 tamen
728 1290 781 1349 illa
812 1289 934 1351 dicendi
961 1292 1038 1352 ratio
1060 1311 1079 1350 a
1099 1311 1211 1369 graeco
1234 1311 1294 1354 ser·

172 1412 259 1455 mone
284 1393 404 1453 minime
432 1389 624 1465 abhorret.²⁴)
669 1391 760 1469 Apud
783 1392 970 1453 Herodotum
1001 1394 1099 1470 ipsum
1122 1395 1242 1472 quidem
1264 1381 1301 1455 in'

171 1496 316 1568 moribus,
347 1497 456 1567 sacris,
489 1496 604 1555 artibus
634 1493 840 1555 describendis
869 1496 1016 1572 pluralem
1046 1515 1203 1558 nnmerum
1232 1516 1295 1558 sae·

171 1599 291 1676 pissimo
314 1599 412 1676 excipi
429 1597 575 1675 singulari
592 1597 730 1674 exempla
751 1597 781 1656 in
797 1597 990 1659 adnotatione
1005 1598 1159 1676 adscripta
1175 1600 1295 1662 domon-

171 1699 358 1774 strabunt.²⁵)
404 1701 530 1760 Paulum
562 1699 676 1762 recedit
706 1700 743 1759 ab
774 1700 910 1777 exemplo
938 1700 1026 1760 modo
1055 1705 1183 1763 tractato
1210 1705 1295 1764 locus

172 1805 193 1875 Ι,
219 1808 322 1874 120,3
354 1787 488 1881 ἀνδρῶν
517 1791 579 1880 γὰρ
610 1788 800 1879 σωφρόνων
830 1796 891 1879 μέν
923 1794 1013 1862 ἐστιν
1035 1795 1295 1890 ...ὴσυχάζειιη

172 1890 315 1983 ἀγαθῶν
342 1899 377 1965 δὲ
407 1891 647 1983 ἀδικουμένους
675 1897 713 1962 ἐκ
738 1898 799 1982 μὲν
831 1894 963 1984 εἰρήνης
988 1905 1150 1984 πολεμεῖν
1166 1953 1173 1967 .
1191 1953 1199 1967 .
1215 1953 1222 1966 .
1239 1903 1296 1967 καὶ

171 1999 254 2087 μήτε
271 2053 277 2067 .
293 2049 301 2066 .
318 2053 324 2066 .
339 1997 423 2086 μήτε
449 2005 499 2086 τῴ
526 1995 650 2087 ἡσυχίου
678 2003 738 2083 τῆς
767 1993 900 2086 εἰρήνης
922 1990 1092 2086 ἡδόμενον
1116 1994 1294 2070 ἅδικεῑθαι.

171 2113 299 2188 Propter
321 2095 456 2188 ἀνδρῶν
474 2110 689 2187 ...pluralem
710 2093 897 2188 ἡδομένους
920 2112 1074 2184 malueris;
1097 2113 1150 2172 sed
1165 2113 1239 2173 haec
1254 2115 1296 2174 ita

172 2212 251 2272 dicta
270 2216 347 2284 sunt,
370 2214 456 2289 quasi
478 2231 570 2290 supra
592 2199 728 2290 ἀγαθοῦ
751 2202 813 2291 γὰρ
837 2196 959 2292 ἀνδρός
980 2205 1070 2273 ἐστιν
1087 2217 1294 2292 ...seriptum

174 2313 303 2388 orselli)

258 2419 400 2496 Sequitur
430 2421 463 2477 ut
493 2417 530 2478 de
561 2416 726 2494 repetendo
760 2436 797 2478 ex
830 2419 971 2495 negativo
1002 2419 1136 2480 subiecto
1169 2418 1296 2480 affirma·

171 2522 232 2580 tivo
266 2520 371 2580 dicam.
423 2521 468 2580 Ac
505 2521 632 2598 primum
666 2520 787 2597 quidem
825 2521 863 2582 dc
897 2521 941 2581 cis
973 2522 1046 2582 loeis
1084 2522 1295 2599 exponendum

173 2625 244 2684 milri
287 2623 421 2696 videtur,
469 2623 520 2683 ubi
567 2624 703 2684 subiecto
751 2625 892 2716 negativo
940 2623 1063 2684 additur
1109 2626 1295 2704 participium

173 2728 386 2805 appositivnm,
421 2729 469 2787 cui
503 2728 549 2787 ris
580 2728 709 2788 carrsalis
738 2727 852 2801 subest,
887 2729 927 2788 ita
959 2732 992 2788 ut
1021 2729 1141 2806 negatio
1171 2729 1208 2790 ad
1231 2747 1297 2790 ver-

172 2831 242 2890 bnm
285 2831 381 2892 solum
420 2829 534 2891 finitum
576 2851 675 2910 neque
717 2832 786 2892 item
827 2831 865 2890 ad
906 2832 1098 2908 participium
1139 2833 1298 2910 pertineat

259 2994 293 3062 ²⁸)
312 2994 388 3058 Quae
406 2994 435 3048 in
454 2998 601 3064 utramque
619 2999 726 3063 partem
746 3007 779 3047 ea
797 2993 832 3047 dc
843 3007 881 3062 re
899 2993 1011 3062 prolata
1024 3000 1090 3048 sunt
1101 2994 1197 3063 attigit
1209 3009 1297 3048 suam·

174 3095 229 3148 que
247 3079 338 3148 ipsius
357 3079 524 3134 sententiam
542 3079 655 3148 aperuit
673 3079 762 3134 Class.
782 3078 845 3132 adn.
865 3079 927 3133 crit.
945 3079 988 3133 ad.
1007 3078 1112 3142 111,1r.

261 3167 297 3233 Ἡ)
315 3161 357 3220 Oi.
375 3163 477 3219 Bernh.
496 3170 571 3236 synt.
588 3180 629 3233 gr.
647 3180 674 3233 p.
687 3168 748 3218 419.
783 3161 893 3217 Kuehn.
912 3179 952 3232 gr.
965 3179 1006 3232 gr.
1019 3162 1066 3231 lli,
1079 3169 1159 3232 itaq.

260 3253 295 3317 ²⁵)
313 3247 355 3306 Cf.
374 3251 394 3318 Ι,
409 3255 493 3317 195,1
516 3244 618 3318 ἐσθῆτι
637 3246 667 3304 δὲ
686 3251 782 3316 τοιῇδε
802 3242 946 3320 χρέωνται
970 3244 1012 3314 (οἰ
1029 3244 1230 3320 Βαβυλώνιοι),
1255 3268 1295 3303 κι-

173 3339 248 3390 θῶνι
266 3329 419 3404 ποδηνεκέι
437 3329 533 3408 λινέῳ,
558 3332 609 3388 καί
634 3328 682 3390 εἰιί
703 3326 915 3388 concorditer
938 3329 1062 3403 εἰρίνεον
1081 3337 1196 3388 κιθῶνα
1217 3328 1298 3389 ἐπεν-

174 3417 234 3476 οιει
252 3436 290 3475 sc.
304 3413 319 3476 ὁ
334 3417 527 3494 Βαβυλώνιος.
558 3419 579 3486 1,
594 3423 649 3479 τοι.
663 3425 686 3473 c.
711 3423 769 3486 mo,
785 3423 806 3472 ι.
832 3417 867 3484 Η,
880 3422 921 3486 as,
935 3422 958 3472 a.
984 3422 1025 3486 rr,
1040 3423 1078 3474 ro.
1104 3423 1145 3487 on,
1161 3422 1199 3474 ιο.
1218 3423 1260 3484 ro,
1273 3422 1298 3471 a.

175 3510 215 3574 rr,
229 3511 253 3559 a.
270 3510 312 3573 oo,
330 3511 369 3560 rs.
386 3505 435 3574 IV,
450 3508 490 3572 τε,
504 3509 527 3558 s.
546 3509 587 3570 or,
602 3508 625 3559 o.
647 3507 703 3572 rur,
717 3507 757 3558 ει.
778 3501 810 3569 ν,
823 3506 861 3570 ro,
875 3506 916 3556 ro.
935 3501 984 3570 vl,
999 3507 1056 3570 119,
1072 3506 1109 3557 ra.
1131 3502 1297 3572 v11,sc‚1o.

174 3590 351 3660 V111‚9s,o.
387 3591 542 3645 Pronomen
567 3581 693 3652 ἕκαστος
717 3587 843 3641 additum
863 3593 906 3641 est
924 3585 961 3655 ΙΙ,
982 3592 1071 3653 14,12
1095 3583 1124 3642 oi
1145 3582 1297 3657 Αἰγύπτιοι

174 3669 243 3731 οὔτε
268 3667 385 3750 ἀρότρῳ
413 3669 644 3747 ἀναρρηγνύντες
669 3666 796 3737 αὔλακας
820 3665 918 3742 ἔχουσι
942 3666 1050 3737 πόνους
1068 3665 1137 3727 οὔτε
1156 3713 1163 3728 .
1179 3714 1208 3729 ..
1236 3665 1299 3727 ἀλλ’

175 3755 265 3815 ἐπεάν
347 3757 415 3816 τότε
434 3758 555 3832 σπείρας
573 3751 697 3822 ἕκαστος
722 3753 774 3826 τὴν
799 3751 910 3812 ἑωυτοῦ
934 3749 1063 3829 ἄρουραν
1082 3751 1217 3828 ἐσβάλλει
1235 3761 1297 3812 κτλ.

174 3845 209 3900 of.
229 3843 279 3912 lV,
293 3850 350 3912 103,
365 3850 404 3900 12.
423 3851 466 3914 65,
478 3850 502 3902 3.
521 3845 556 3911 V,
571 3849 611 3911 16,
627 3848 665 3900 12.
701 3844 808 3898 Nomen
821 3843 849 3896 in
864 3841 1000 3910 singulari
1012 3841 1137 3912 positum
1149 3843 1299 3912 repetitum

174 3935 219 3986 est
236 3929 285 3999 IV,
299 3935 365 3999 ont
460 3925 550 3986 ἐπεὰν
573 3924 625 3984 τὸν
648 3932 765 4001 πρῶτον
788 3921 878 4008 ἄνδρα
901 3920 1052 3997 καταβάλῃ
1077 3919 1148 3999 ἀνὴρ
1169 3921 1298 3996 Σκύθης,

173 4019 226 4071 τοῦ
245 4008 368 4083 αἵματος
388 4011 509 4083 ἐμπίνει.

260 4104 295 4167 ²⁶)
313 4101 373 4155 Hoc
391 4101 452 4155 loco
475 4115 564 4170 aeque
591 4101 661 4154 bene
681 4099 815 4169 pluralem
833 4091 991 4168 ἡδομένους
1014 4095 1145 4151 collocari
1164 4096 1301 4166 potuisse,

174 4185 225 4239 illo
243 4199 312 4240 vero
331 4185 440 4255 dequo
459 4201 544 4255 supra
562 4185 680 4254 exposui
700 4184 868 4254 singularem
888 4197 973 4237 sensu
990 4181 1094 4249 requiri
1113 4180 1183 4236 bene
1206 4187 1300 4236 monet

175 4269 325 4325 Herbstius
344 4270 508 4326 Classenum
531 4268 673 4339 copiosius
691 4267 819 4324 refutans
837 4268 866 4322 in
884 4266 1017 4336 Philolog.
1031 4265 1109 4320 XLII
1126 4282 1154 4335 p.
1166 4271 1225 4322 683.
