3130 4914
1265 244 1305 299 33

270 415 332 474 Iam
363 413 402 471 ad
435 412 523 472 finem
560 410 761 488 disputatione
796 410 903 470 adeota
935 428 994 470 non
1030 411 1156 470 alionum
1191 411 1311 471 videtur

186 515 224 576 de
254 516 329 574 loeis
361 513 526 583 nonnullis,
566 529 642 588 quos
668 515 767 572 oertae
794 512 882 571 classi
908 529 1105 572 annumerare
1131 531 1191 572 non
1217 513 1310 587 lionit,

184 635 275 694 qnam
297 616 474 676 brevissime
497 615 655 675 disserere.
701 614 856 674 Interdum
881 613 958 672 enim
982 616 1104 692 generis
1124 615 1172 674 vel
1193 617 1309 674 numeri

184 718 407 780 anaooluthiam
441 717 694 795 deprehendimus
728 736 763 777 eo
802 711 969 794 effectam,'
989 717 1071 794 quod
1109 719 1238 795 scriptor
1269 717 1308 776 ad

184 825 335 883 notionem
359 820 528 897 generalem
552 821 667 878 transit.
712 819 804 879 Cuius
827 806 1040 894 generis‘sunt
1060 819 1147 879 haee:
1171 821 1307 893 11‚47‚3

184 913 204 1004 η
229 914 329 993 νόσος
351 919 492 1001 πρῶτον
507 908 632 999 ἤρξατο
648 915 806 999 γενέσθαι
821 927 891 991 τοῖς
906 905 1104 1000 Ἀθηναίοις,
1127 911 1309 1000 λεγόμενον

185 1021 246 1104 μὲν
267 1020 325 1083 καὶ
346 1014 517 1102 πρότερον
538 1013 725 1100 πολλαχόσε
748 1016 1008 1101 ἐγκατασκῆψαι,
1036 1029 1065 1083 et
1088 1025 1140 1101 Ill,
1157 1030 1217 1099 3,1
1243 1008 1308 1082 οὐκ

185 1115 391 1206 ἀπεδέχοντο
414 1124 556 1204 ιιραίτσν
578 1115 635 1196 τὰς
657 1120 870 1205 κατηγορίας,
893 1124 1008 1203 μεῖζον
1030 1119 1130 1204 μέρος
1150 1121 1308 1204 νέμοντες

184 1227 234 1309 τῷ
262 1220 306 1307 μή
338 1219 525 1302 βούλεσθαι
556 1215 667 1308 ἀληθῆ
696 1217 788 1288 εἶναι.
838 1229 975 1288 Fuerunt
1003 1230 1053 1305 qui
1085 1228 1210 1289 subiecti
1241 1228 1307 1287 vioe

185 1332 380 1393 subaudirent
407 1320 446 1389 τό
469 1320 602 1410 νόσημα·
624 1335 653 1390 et
676 1320 717 1388 τὰ
739 1318 994 1409 κατηγορήματα
1018 1350 1033 1389 e
1057 1329 1180 1390 voeibus
1204 1319 1306 1400 νόσος

186 1442 213 1497 el
235 1429 436 1514 κατηγορίας
463 1435 540 1494 idem
569 1433 816 1510 significantibus.
861 1434 919 1494 Sed
947 1435 1059 1495 rectius
1089 1436 1239 1494 notionem
1262 1434 1306 1493 in·

186 1544 295 1600 oertam
318 1535 468 1615 quandam
486 1541 576 1613 atque
594 1536 774 1596 indefinitam
793 1535 980 1611 cogitandam
998 1555 1063 1596 esse
1080 1556 1146 1596 oum
1163 1536 1305 1596 (llasseno

185 1643 298 1718 opinor.
351 1639 492 1700 Similiter
520 1641 654 1712 11‚76,1
688 1630 719 1696 σί
751 1631 786 1698 δὲ
809 1628 1079 1718 Πελοποννήσιοι
1108 1627 1306 1715 αἰσθόμενοι

185 1735 220 1800 έν
241 1747 376 1819 ταρσοῖς
398 1729 550 1817 καλάμου
573 1729 685 1819 πηλόν
708 1732 915 1809 ένείλλοντες
939 1733 1099 1812 ἐσέβαλον
1123 1732 1154 1807 ές
1177 1729 1217 1798 τό
1240 1734 1306 1815 διη-

186 1838 338 1922 ρημένον,
362 1830 455 1913 όποος
475 1831 519 1922 μὴ
542 1832 758 1920 διαχεόμενον
781 1827 894 1921 ὥσπερ
917 1825 937 1922 ἦ
961 1840 1002 1920 γῆ
1026 1848 1169 1920 φοροῑτο
1198 1862 1214 1901 e
1237 1861 1303 1902 ver·

185 1948 227 2006 bie
264 1945 512 2006 antecedentibus
550 1945 785 2022 intellegendum
816 1946 863 2004 vel
899 1945 997 2024 potius
1032 1944 1225 2005 divinandum
1261 1954 1305 2004 est

185 2051 357 2122 submotum,
381 2068 440 2125 quo
464 2052 561 2108 oratos
585 2051 648 2108 luto
671 2048 799 2108 refertae
822 2047 1037 2125 significantur.
1083 2050 1169 2107 luvet
1185 2066 1304 2124 eompa-

183 2172 250 2212 rare
274 2153 352 2211 inter
374 2169 405 2210 se
428 2150 508 2210 looos
529 2151 639 2210 Herod.
657 2151 733 2221 Vlll,
751 2153 831 2227 97,7
856 2139 1001 2228 γαύλους
1024 2167 1059 2209 τε
1084 2145 1304 2229 Φοινικηίους

184 2248 325 2324 συνέδεε,
348 2240 501 2311 ίναοίντί
523 2269 560 2310 τε
583 2246 711 2330 σχεδίης
734 2243 812 2310 έονσι
836 2245 892 2309 καὶ
914 2246 1039 2330 τείχεος
1062 2259 1092 2311 et
1113 2251 1251 2328 Tbnoyd.
1267 2253 1304 2328 ΙΙ,

184 2362 244 2428 3,3
269 2341 392 2434 ἁμάξας
420 2341 567 2414 τειόνευ
596 2351 668 2412 τοόν
697 2338 894 2432 ὑποζυγίων
924 2347 957 2424 ές
987 2343 1046 2426 τὰς
1075 2342 1177 2424 tonde
1207 2349 1304 2412 καθί-

184 2469 319 2531 στασαν,
343 2442 384 2516 ἵν’
408 2443 484 2515 σίντὶ
506 2451 635 2534 τείχους
662 2474 682 2533 η
704 2475 744 2517 so.
769 2456 798 2516 id
826 2456 906 2534 quod
932 2475 987 2517 nos
1015 2457 1141 2516 dioimus
1167 2456 1233 2529 „die
1257 2455 1303 2530 (so

183 2557 390 2632 entstaudene)
413 2557 680 2638 Wagenburg“.⁶²)

266 2664 406 2740 Denique
433 2662 610 2740 appendicis
636 2663 703 2723 loeo
731 2679 821 2722 unam
850 2680 911 2722 rem
945 2661 1087 2723 memoria
1117 2681 1176 2722 non
1208 2663 1303 2738 indig-

182 2785 249 2825 nam
278 2765 396 2826 adioere
424 2765 494 2824 mihi
521 2765 617 2826 lineat.
662 2765 750 2825 Hand
779 2783 847 2825 raro
879 2766 955 2824 enim
985 2764 1057 2842 quid
1086 2765 1211 2825 subiecti
1236 2767 1302 2825 loeo

182 2867 382 2945 supplendum
405 2869 443 2927 sit
466 2866 643 2944 pronomine
664 2868 824 2928 indicatum
842 2865 986 2926 videmus.
1031 2869 1075 2926 Ao
1095 2868 1221 2942 primum
1237 2868 1302 2944 qui·

182 2970 247 3031 dem
271 2971 354 3031 multi
377 2974 448 3031 sunt
470 2971 536 3046 loci,
563 2970 592 3028 in
617 2970 726 3046 quibus
749 2970 975 3047 pronominibus
997 2951 1107 3042 οὗτος,
1129 2954 1233 3041 αότός
1257 2971 1303 3030 vel

182 3071 324 3132 similibus
351 3090 458 3131 nomen
487 3070 610 3148 aliquod
639 3072 737 3148 gentis
765 3072 813 3131 vel
842 3071 971 3132 civitatis
994 3087 1009 3130 e
1033 3071 1227 3148 praecedenti
1252 3091 1302 3130 no-

181 3173 260 3234 mine
293 3175 375 3234 urbis
408 3174 456 3233 vel
488 3177 587 3234 terrae
619 3173 817 3249 repetendum
848 3192 916 3234 esse
946 3171 1187 3250 significaretis),
1220 3173 1303 3233 velut

181 3280 277 3356 111,5‚
296 3283 311 3338 1
337 3269 368 3347 ἒς
390 3267 541 3354 πόλεμον
564 3271 773 3336 καθίσταντο
797 3269 830 3335 σί
845 3275 1069 3356 Μυτιληναῖοι
1092 3271 1148 3334 καὶ
1170 3264 1190 3355 ἡ
1215 3264 1301 3355 ίίλλη

180 3375 305 3454 Λέσβος
319 3369 409 3458 πλην
421 3370 624 3459 Μηθύμνης·
641 3361 737 3439 οὗτοι
753 3375 789 3439 δέ
804 3398 845 3440 so.
861 3371 892 3438 οί
905 3379 1134 3460 Μηθυμναῖοι.
1159 3380 1209 3456 lV,
1221 3383 1299 3457 84,1

180 3475 235 3542 ἐπὶ
261 3472 484 3543 Ἄκανθον-
500 3475 533 3542 oi
556 3476 592 3542 δέ
614 3502 653 3543 so.
670 3475 702 3542 oi
720 3467 900 3542 Ἀκάνθιοι.
936 3485 984 3560 VI,
999 3487 1040 3545 48
1063 3468 1302 3561 Συρακούσαις

265 3683 298 3744 ⁰²)
317 3679 538 3748 Her.vl1‚3o‚e
559 3673 735 3748 έζεόγννσαν
759 3676 789 3735 δὲ
810 3667 880 3734 ὧδε·
905 3671 1154 3748 πεντηκοντέρους
1177 3677 1226 3734 καί
1244 3696 1301 3748 τρι-

178 3761 265 3837 ήρεας
283 3759 439 3829 συνθέντες
458 3805 514 3827 ...,
530 3760 579 3819 ἳνα
599 3757 770 3833 οίνακιοχεόη
789 3760 840 3819 τόν
858 3760 946 3819 τόνον
963 3769 1022 3818 τῶν
1041 3756 1140 3820 ότιλων
1153 3757 1220 3832 sori
1236 3759 1299 3817 σόν-

180 3853 263 3913 θεσις
289 3855 347 3904 τόν
372 3845 611 3921 πεντηκοντέρων
639 3847 688 3904 καί
715 3846 857 3921 τριὴρεον
884 3850 942 3918 (die
966 3850 1091 3906 daduroh
1115 3849 1300 3904 entstandene

179 3934 373 4004 Vereinigung
391 3951 445 3989 von
465 3935 608 4002 Sohiffen).

177 4019 181 4025 '
264 4022 298 4090 ⁸³)
316 4020 396 4086 Quod
414 4027 445 4075 ut
462 4021 727 4090 frequentissimum,
745 4022 784 4076 ita
802 4021 972 4076 eontrarium
990 4021 1161 4076 rarissimum
1174 4025 1225 4089 est,
1245 4034 1300 4088 qua
1347 4013 1349 4016 ’

179 4106 215 4160 de
232 4120 263 4160 re
281 4104 316 4160 of.
335 4106 441 4175 Krueg.
459 4106 495 4161 ad
513 4106 738 4175 Her.V111,1rr‚
753 4113 767 4162 3
786 4099 971 4171 διιοκτεόσας
994 4104 1025 4162 δὲ
1050 4103 1101 4160 καί
1122 4101 1189 4170 τοὺς
1212 4097 1299 4159 Ὀλυν-

179 4187 263 4255 θίους
282 4183 461 4246 οίκίστασθαι
481 4184 537 4246 οίπό
556 4186 692 4262 βασιλέος
710 4190 760 4246 καί
772 4187 878 4261 ταύτην
890 4186 1099 4260 (εαὌλυνθον)
1117 4184 1298 4260 ἐπολιόρκεε.

1131 4298 1146 4347 3
