3130 4914
225 286 266 342 24

309 449 355 510 Ex
388 452 559 511 accusativo
593 452 711 528 generis
744 451 878 512 feminini
904 453 1034 529 1‚10,3
1068 435 1112 529 ἣν
1141 445 1346 529 (στρατείαν)

217 541 314 634 ἐἰκὸς
340 544 396 610 ἐπὶ
421 541 462 610 τὸ
488 552 602 629 μεῖζον
627 545 688 629 μὲν
713 542 859 632 ποιητὴν
886 538 969 611 ὄντα
996 548 1168 631 κοσμῆσαι,
1197 539 1287 624 ὅμως
1310 547 1347 611 δὲ

227 647 382 728 φαίνεται
408 647 464 712 καὶ
492 640 604 722 οὕτως
627 645 829 732 ἐνδεεστέρα,
861 655 917 714 nisi
945 654 1013 732 quis
1036 653 1192 731 Campium
1216 653 1348 728 (observ.

226 754 265 814 acl
287 756 383 816 Thuc.
398 775 426 832 p.
444 757 495 826 14)
519 759 640 816 secutus
663 748 855 836 ἐνδεέστερα
877 757 978 832 legere
1001 753 1162 828 mavult.⁴³)

312 858 523 918 Nominativus
546 857 666 918 additus
690 861 736 918 est
750 858 799 929 Vl,
815 861 843 929 4,
861 862 879 919 3
901 849 942 915 τὸ
966 849 1001 915 δὲ
1020 851 1157 935 χωρίον,
1180 840 1222 916 οὗ
1244 853 1307 916 νῦν
1326 876 1347 938 η

225 944 324 1030 πόλις
347 952 415 1019 ἐστὶ
437 954 494 1018 καὶ
517 944 536 1019 ὃ
558 956 699 1039 πρῶτον
723 951 898 1039 ἐτειχίσθη,
925 959 978 1020 secl
1004 959 1147 1020 rariorem
1176 960 1254 1020 bano
1277 977 1348 1037 syn·

227 1063 312 1122 taxin
335 1079 400 1122 esse
424 1062 511 1122 docet
534 1064 648 1138 Krueg.
664 1081 709 1138 gr.
724 1081 768 1139 gr.
784 1061 801 1132 ξ
818 1066 867 1140 60,
883 1066 911 1138 6,
926 1065 955 1122 4.

313 1164 424 1225 Verum
451 1165 527 1224 haec
554 1164 591 1224 (lo
618 1164 728 1240 quibus
755 1163 855 1225 adbuc
884 1164 995 1224 dictum
1027 1169 1074 1224 est
1103 1164 1249 1241 simplicia
1278 1168 1349 1226 sunt

227 1270 317 1342 atque
344 1284 399 1326 usu
426 1264 541 1337 trita⁴⁴l
564 1283 663 1342 neque
692 1264 812 1326 uberius
839 1265 1006 1326 disserendi
1039 1265 1154 1342 copiam
1185 1266 1349 1345 praebent;

227 1370 277 1429 illa
299 1387 371 1429 vero
394 1369 546 1447 graviora,
568 1369 598 1428 in
622 1368 730 1445 quibus
752 1372 822 1445 post
843 1368 1021 1446 particulam
1037 1353 1125 1427 ἄλλά
1147 1369 1349 1444 praecedente

227 1471 388 1549 negatione
419 1470 582 1531 subiectum
614 1475 755 1531 mutatur.
798 1471 939 1547 Syutaxis
972 1471 1049 1531 enim
1079 1471 1183 1531 talium
1213 1473 1348 1533 enuntia·

228 1577 325 1633 torum
349 1571 493 1649 postulat,
522 1576 555 1632 ut
582 1573 677 1632 altero
700 1571 831 1632 membro
854 1590 908 1648 per
931 1571 1113 1649 particulam,
1131 1572 1348 1633 adversativam

228 1675 322 1754 priori
351 1673 492 1750 negativo
520 1689 637 1734 annexu
664 1673 743 1734 insta
770 1674 959 1734 contineatur
983 1673 1144 1752 oppositio;
1174 1693 1262 1751 quam
1286 1694 1350 1736 rec·

228 1777 341 1837 tissime
364 1782 424 1836 tum
449 1776 536 1848 effici,
559 1795 626 1837 eum
650 1777 741 1837 totius
764 1777 909 1838 enuntiati
932 1776 1063 1838 membra
1085 1776 1163 1836 idem
1183 1757 1349 1839 ambientum

228 1879 369 1957 habeant,
390 1884 525 1956 apparet
570 1880 608 1938 iit
630 1878 871 1956 frequentissima
894 1897 966 1941 sane
988 1879 1065 1939 haec
1080 1880 1156 1940 ratio
1171 1883 1230 1958 est3
1252 1884 1351 1958 potest

229 1988 329 2043 tamen
353 1981 439 2041 etiam
464 1986 576 2041 mutato
600 1981 734 2042 subiecto
757 1983 836 2042 iusta
851 1982 998 2060 oppositio
1013 1982 1091 2041 inter
1107 1985 1265 2060 utramque
1280 2002 1350 2060 par-

229 2087 288 2144 tem
311 2083 385 2158 fieri,
407 2086 439 2143 ut
461 2077 897 2160 Ι,σο,111πειδαιᾶται...
915 2069 1029 2162 ἐπειδὴ
1051 2073 1088 2142 ἔκ
1106 2101 1143 2144 τε
1163 2069 1350 2163 Ἀθηναίων

230 2180 268 2245 ἐκ
295 2183 431 2244 πολλοῦ
458 2173 666 2264 πράσσοντες
693 2169 797 2244 ου’δὲν
823 2173 969 2265 ηὕροντο
993 2173 1194 2264 ἐπιτήδειον,
1223 2171 1294 2246 ἀλλ’
1317 2179 1351 2245 αἱ

231 2285 307 2367 νῆες
405 2280 460 2347 ἐπὶ
482 2282 567 2363 σφᾶς
590 2271 714 2366 ὁμοίως
738 2279 861 2348 ἔπλεον
973 2290 1051 2349 Nam
1075 2308 1134 2349 uon
1155 2293 1269 2351 mutata
1285 2307 1351 2350 seu·

230 2391 324 2451 tentia
345 2390 504 2450 verborum
528 2389 618 2450 scribi
641 2393 759 2466 poterat
782 2375 921 2468 ἐπειδή.
940 2434 970 2450 ..
989 2375 1089 2450 οὐδὲν
1111 2375 1258 2468 ηῧροντο
1282 2383 1351 2450 ἐπι-

231 2480 375 2571 τήδειον,
409 2475 491 2550 ἀλλὰ
517 2475 577 2560 τὰς
605 2487 686 2560 ναῦς
789 2479 964 2562 πλεούσας.
1010 2494 1145 2569 Itemque
1174 2495 1274 2554 cetera
1301 2511 1353 2554 ex·

233 2594 331 2670 empla
354 2593 518 2653 adrerum
542 2610 662 2653 sensum
685 2593 846 2653 verborum
869 2597 1047 2656 revocantes
1066 2594 1174 2655 iustam
1191 2596 1352 2672 oppositio·

232 2715 300 2757 nem
323 2713 471 2772 nusquam
494 2692 786 2767 desiderabimus)
810 2695 848 2754 cf.
863 2683 901 2773 Il,
918 2700 967 2773 70,
984 2700 1011 2756 1.
1032 2698 1084 2771 ΠΙ,
1099 2700 1150 2774 45,
1165 2701 1193 2758 4.
1217 2699 1252 2774 V,
1262 2702 1311 2776 32,
1324 2702 1352 2759 6.

235 2803 306 2874 111,
321 2802 347 2859 2.
371 2797 419 2876 VI,
434 2801 485 2874 99,
500 2802 528 2858 3.
551 2797 629 2869 VIII,
646 2801 674 2874 8,
690 2801 718 2859 2.
742 2801 769 2870 9,
786 2801 813 2858 2.
837 2801 886 2875 76,
902 2802 929 2859 6.

318 2901 400 2960 Haeo
430 2899 468 2959 de
497 2898 663 2976 particulae
693 2906 762 2976 post
792 2902 981 2978 negationem
1011 2885 1098 2959 ἀλλά
1129 2905 1236 2962 natura
1263 2921 1300 2962 ac
1322 2904 1352 2962 vi

232 3003 392 3064 sufficiant.
435 3004 541 3063 Restat
568 3007 601 3062 ut
627 3002 666 3062 de
694 3004 838 3081 exemplis
866 3004 904 3064 ad
932 3007 1139 3082 argumentum
1167 3004 1253 3065 nobis
1276 3009 1353 3064 trae·

234 3106 357 3166 tandum
380 3105 522 3166 subiectis
545 3124 745 3184 exponamus;
776 3124 876 3183 neque
899 3108 976 3166 enim
1001 3106 1110 3166 desunt
1134 3107 1191 3167 loci
1211 3108 1253 3167 ita
1275 3124 1352 3167 conr-

232 3213 339 3290 parati‚
361 3214 394 3269 ut
416 3229 525 3270 novum
549 3209 622 3270 illud
645 3213 736 3287 atque
758 3211 994 3288 inexspectatum
1019 3210 1184 3272 subiectum
1207 3229 1353 3289 gramma-

233 3316 323 3374 ticum
346 3331 385 3372 ne
407 3311 508 3372 verbis
531 3312 648 3388 quidem
672 3331 857 3391 expressum,
879 3312 931 3372 sed
955 3330 992 3372 ex
1014 3313 1051 3372 iis
1073 3330 1151 3389 quae
1166 3313 1354 3389 praecedunt

234 3418 331 3478 animo
360 3414 598 3476 subaudiendum
625 3417 676 3488 sit,
704 3416 790 3476 velut
812 3417 846 3488 V,
862 3420 946 3494 59,2
970 3407 1002 3474 οὶ
1024 3409 1173 3474 Βοιωτοί
1195 3462 1249 3477 ...
1273 3406 1353 3487 τούς

318 3582 352 3648 ⁴³)
371 3578 433 3632 Her.
446 3577 523 3644 VIII,
540 3583 595 3644 106,
607 3583 632 3632 4.
674 3577 803 3646 Denique
827 3593 842 3633 e
865 3578 998 3647 genetivo
1015 3580 1187 3648 repetendus
1205 3585 1249 3634 est
1266 3580 1353 3635 uomi-

233 3665 345 3719 natious
363 3663 428 3718 Her.
441 3664 463 3732 l,
485 3666 568 3732 189‚2
593 3657 641 3718 ἐπὶ
664 3659 758 3732 Γύνδῃ
782 3667 914 3737 ποταμῷ,
936 3667 988 3718 τοῦ
1012 3659 1043 3718 al
1059 3661 1114 3732 μὲν
1132 3663 1222 3734 πηγαὶ
1240 3659 1272 3721 ἐν
1291 3667 1353 3721 Μοι-

234 3755 354 3819 τιηνοῐσι
373 3741 464 3818 ὄρεσι,
484 3742 546 3817 ῥέει
565 3745 595 3803 δὲ
615 3741 660 3802 διὰ
678 3743 860 3819 Δαρδανέων,
879 3743 986 3805 ἐκδιδοῖ
1003 3745 1033 3804 δέ

319 3837 353 3901 ⁴⁴)
370 3833 451 3887 Haud
469 3833 509 3887 ita
527 3833 654 3901 vulgaria
672 3833 747 3902 apud
763 3834 878 3889 Latinos
897 3849 959 3889 esse
977 3834 1049 3890 bene
1068 3830 1162 3890 monet
1174 3836 1299 3892 Classen.
1318 3838 1354 3892 ad

234 3923 270 3991 ll,
283 3926 324 3989 84,
336 3926 361 3974 2.
397 3919 441 3975 cf.
459 3919 559 3985 Haase,
578 3918 631 3973 1.ο.
649 3919 662 3972 l
680 3935 707 3987 p.
721 3922 778 3988 206,
792 3923 815 3974 2.

320 4009 354 4072 ⁴⁵)
371 4006 414 4060 De
436 4004 595 4059 mulcatione
617 4004 735 4072 quadam
759 4005 946 4060 subiectorum
971 4007 1106 4063 varietate
1125 4007 1159 4077 (1,
1171 4011 1213 4077 26,
1225 4011 1253 4071 l)
1273 4007 1354 4062 aliter

235 4091 400 4161 explicanda
423 4087 458 4146 os.
482 4089 606 4146 Classen.
632 4089 739 4157 proleg.
762 4089 824 4144 adn.
845 4094 875 4144 81
900 4095 929 4146 et
946 4089 1062 4156 Ullrich‚
1087 4091 1172 4146 Beitr.
1194 4109 1217 4147 a.
1237 4092 1308 4147 Krit.
1325 4109 1354 4147 u.

234 4174 345 4229 Erkl'ar.
368 4177 395 4230 d.
418 4173 505 4229 'Phua
527 4173 623 4242 Progr.
665 4172 808 4241 Hamburg
827 4177 892 4229 1862
915 4192 942 4244 p.
962 4179 1056 4245 34sq.,
1083 4176 1131 4231 ubi
1162 4182 1247 4231 totam
1269 4191 1354 4257 quae·

236 4262 355 4320 ationem
373 4260 530 4320 accuratius
549 4264 695 4324 tractatam
713 4259 843 4341 reperies,
