3130 4914
241 293 281 354 32

242 460 308 522 loco
341 453 414 536 quId
447 453 626 518 sententiam
660 471 820 533 exponam,
852 471 950 534 panea
983 453 1021 518 de
1051 457 1114 518 toto
1144 455 1243 535 capite
1272 471 1361 536 prac-

242 560 388 623 mittenda
414 559 485 620 mihi
513 558 665 620 videntur.
708 559 817 636 Agitur
843 559 922 620 enim
950 558 988 620 de
1014 559 1139 622 t'oodere
1166 560 1248 638 quod
1271 561 1364 622 atho-

242 666 363 725 nionses
388 681 467 724 anno
495 661 790 740 quadnngontonmo
817 661 959 724 viceaImo
988 680 1056 724 eum
1078 663 1200 742 Argivis
1226 667 1257 724 et
1278 665 1362 725 lirn-

242 766 409 828 tinonsibus
439 767 470 825 et
496 764 578 824 lileie
607 762 745 826 fecerunt
774 761 920 842 cuiusque
950 765 1103 843 exemplar
1133 767 1218 845 operi
1241 766 1364 844 'l'hucy-

136 933 141 942 ,
171 891 173 898 ·
242 868 332 930 dideo
358 869 500 928 Insertum
529 864 675 926 videmus.
719 864 862 926 Eiusdem
892 866 972 942 pacti
995 867 1139 945 reliquiae
1162 867 1312 945 quaedam
1332 869 1364 928 in

242 971 344 1032 tabula
372 986 538 1030 marmorea
566 951 747 1048 στοιχηδόν
778 969 941 1047 inscriptae
977 988 1075 1046 nuper
1109 973 1212 1031 erutae
1241 967 1363 1046 suncti)

242 1072 330 1148 Quod
360 1071 556 1148 fragmentum
587 1072 613 1130 ei
647 1089 714 1130 cnm
745 1069 923 1146 Thucydide
953 1089 1161 1150 comparamus
1192 1072 1364 1152 complures

241 1174 319 1235 inter
342 1173 499 1251 archetypi
522 1175 552 1232 et
575 1172 728 1249 scriptoris
749 1173 843 1233 uerba
859 1176 1022 1232 occurrunt
1037 1172 1266 1252 discrepantiae,
1288 1192 1364 1251 qna·

242 1294 308 1338 rum
336 1275 374 1336 de
400 1275 516 1352 origine
541 1293 579 1334 ac
605 1274 635 1334 vi
661 1273 796 1336 homiues
825 1273 905 1335 docti
928 1275 1007 1334 inter
1029 1292 1061 1335 eo
1084 1274 1273 1336 dissentiunt.
1317 1277 1363 1336 Ac

241 1380 368 1457 primum
390 1376 511 1456 quidem
534 1375 752 1454 Kirchhofliue,
780 1377 832 1454 qui
855 1377 969 1453 primus
991 1376 1029 1437 de
1051 1376 1220 1455 fragmento
1243 1379 1292 1440 illo
1315 1397 1364 1438 ac·

242 1483 375 1543 curatius
391 1477 587 1558 exponunt),-
605 1497 734 1556 eumque
749 1479 844 1540 secuti
859 1477 1080 1557 Schoeniush),
1098 1479 1229 1542 Stahlius
1244 1480 1364 1557 Thucy·

242 1583 319 1644 didis
345 1583 439 1644 verba
471 1585 614 1660 corrupta
641 1585 731 1659 atque
758 1581 924 1642 secundum
954 1583 1149 1662 archetypum
1177 1583 1365 1645 emendanda

242 1704 309 1748 osse
331 1688 456 1746 censent
477 1685 624 1762 simulque
646 1683 702 1743 hae
725 1702 761 1744 ex
784 1702 818 1744 re
840 1685 871 1744 iu
892 1685 1065 1747 universum
1089 1685 1126 1759 de
1142 1685 1278 1747 codicum
1295 1705 1364 1747 auc·

242 1789 362 1849 toritate
384 1806 420 1848 ac
441 1787 501 1848 fide
524 1788 727 1848 contacturum
750 1786 873 1847 faciunt.

328 1891 425 1952 Aliam
463 1890 540 1949 mam
579 1890 733 1967 ingressae
770 1887 977 1962 Olaseennsffl)
1011 1889 1148 1950 ondloum
1187 1891 1363 1967 optimorum

242 1995 421 2071 scripturam
448 1991 634 2054 retinendam
665 1995 768 2052 censet
797 1995 888 2069 atque
919 1991 1138 2070 discrepantias
1169 1993 1237 2054 illas
1265 1993 1364 2071 negle-

243 2097 363 2173 gentiae
385 2094 464 2155 illins
486 2094 604 2172 tribuit,
633 2095 681 2154 cni
704 2094 914 2170 Thucydideo,
941 2098 1045 2172 utpote
1068 2098 1131 2155 tum
1153 2095 1252 2173 exsul,
1277 2099 1366 2173 pacta

244 2197 398 2259 foederum
421 2195 620 2257 exscribenda
636 2196 789 2256 commisit.
832 2197 951 2274 Fateor,
974 2201 1007 2258 ut
1021 2215 1117 2258 meam
1133 2198 1228 2274 ipsius
1243 2215 1365 2277 quoque

245 2318 280 2360 ea
303 2298 341 2360 de
362 2316 396 2358 re
418 2290 594 2358 sententiam
618 2296 776 2375 proferam,
800 2297 898 2357 neutri
921 2297 1087 2358 sententiae
1109 2316 1155 2359 me
1178 2315 1304 2376 prorsus
1319 2317 1366 2358 ae·

244 2402 363 2479 cedere;
386 2401 428 2460 sic
450 2401 551 2477 potius
574 2399 723 2461 existimo:
746 2398 903 2477 scriptorIs
922 2403 1036 2461 textum
1053 2400 1244 2462 constituenti
1260 2401 1366 2479 ntique

243 2503 428 2581 sequendam
455 2521 520 2564 esse
544 2503 750 2564 auctorItatem
775 2502 910 2563 codicum
932 2519 1031 2579 neqnc
1054 2502 1216 2581 quidquam
1240 2507 1366 2582 propter

243 2607 467 2686 inscriptionem
490 2605 569 2666 illam
586 2605 771 2682 mutandum,
792 2605 849 2665 nisi
872 2605 1019 2666 accedant
1035 2606 1122 2665 etiam
1139 2610 1317 2682 argumenta
1334 2606 1365 2666 iu

243 2711 311 2788 ipsa
333 2729 366 2772 re
388 2710 496 2787 posita.
535 2709 636 2786 Atque
659 2710 715 2769 hac
739 2707 776 2768 dc
799 2725 892 2768 cansa
914 2709 944 2768 in
960 2708 1060 2769 verbis
1074 2727 1167 2787 supra
1181 2710 1302 2787 scriptis
1318 2728 1367 2769 co·

245 2811 345 2874 dicum
369 2814 526 2873 lectionem
550 2801 634 2888 ἔλθῃ
657 2829 724 2872 oum
746 2809 934 2872 Xirohhoiiio
958 2810 1129 2888 ceterisque
1159 2813 1189 2873 in
1219 2812 1366 2890 pluralem

245 2906 395 2974 ἔλθωσιν
422 2912 639 2976 emendandam
663 2931 780 2974 censeo.
822 2912 954 2973 Primum
977 2913 1053 2973 enim
1078 2914 1228 2992 exempla,
1255 2913 1366 2992 quihus

244 3021 371 3078 utuntur
393 3018 581 3095 interpretes,
604 3034 669 3076 oum
693 3015 731 3075 ad
748 3005 831 3092 ἔλθῃ
847 3034 864 3076 ο
878 3015 1038 3093 participio
1052 3012 1243 3096 βοηθοῦσιν
1258 3034 1365 3077 nomon

243 3103 264 3198 ἡ
287 3108 430 3198 βοήθεια
453 3119 650 3197 repetendum
674 3117 791 3196 ddcuut,
817 3136 924 3196 purum
952 3117 1064 3178 idonea
1086 3116 1205 3191 annt.⁶¹)
1250 3116 1367 3179 Deinde

244 3222 367 3282 verbnm
391 3211 518 3280 ἔλθωσι
540 3220 650 3298 plurali
673 3237 797 3282 numero
820 3223 880 3279 tam
904 3223 973 3296 apte
996 3217 1116 3279 omnino
1139 3219 1177 3278 ad
1200 3224 1272 3290 τοῖς
1292 3215 1366 3298 βοη-

244 3319 371 3384 θοῦσιν
392 3324 533 3401 refertur,
555 3328 589 3384 ut
610 3325 700 3402 plane
724 3321 894 3383 necessaria
916 3321 1055 3382 videatur
1076 3322 1127 3382 illa
1149 3321 1325 3382 emendatio.

332 3451 360 3507 3.
392 3463 557 3523 pronomen
588 3463 626 3504 ex
655 3441 799 3504 adverbio
830 3443 928 3503 locum
957 3441 1110 3502 indicante
1140 3442 1190 3520 IV,
1210 3444 1298 3513 67,1
1331 3433 1368 3499 ἒν

247 3533 410 3627 ὀρύγματι
436 3537 652 3622 ἐκαθέζοντο,
682 3532 767 3604 ὅθεν
793 3537 1001 3603 ἐπλίνθευον
1028 3537 1085 3602 καὶ
1107 3543 1161 3618 (sc.
1177 3528 1208 3620 ὃ)
1231 3528 1367 3621 ἀπεῖχεν
1411 3598 1414 3602 .

246 3633 290 3708 οὗ
311 3639 411 3708 πολύ.
456 3651 502 3710 De
524 3648 611 3710 simili
634 3648 754 3709 dicendi
777 3665 887 3725 genere
910 3645 1020 3707 dictum
1044 3650 1091 3707 est
1111 3667 1140 3725 p.
1156 3651 1206 3709 23.
1223 3650 1272 3707 24.

332 3831 368 3896 θ)
384 3828 540 3898 Evulgavit
557 3827 740 3884 Kumanudes
759 3828 788 3881 in
806 3824 955 3882 Athenaeo
974 3825 1009 3894 V,
1022 3829 1079 3882 313.

332 3917 369 3983 ⁶⁸)
386 3907 418 3969 ln
437 3913 553 3969 Hermae
571 3913 626 3968 vol.
638 3913 694 3967 XII
712 3930 739 3982 p.
753 3917 854 3983 368eq.

333 4002 368 4067 ⁸⁹)
385 3999 417 4054 ln
434 3998 562 4055 Bursian.
581 3999 672 4054 annal.
686 3997 728 4052 lll
745 4016 773 4068 p.
786 4002 886 4067 Stdsq.
904 4002 934 4052 et
952 3997 1042 4052 Herm.
1062 3998 1116 4052 vol.
1129 3996 1183 4050 XII
1201 4013 1228 4066 p.
1241 4001 1338 4065 472sq.

333 4088 367 4150 ⁰⁰)
384 4084 493 4154 Proleg.
515 4084 552 4139 ad
569 4083 617 4138 llb.
637 4082 703 4138 VIII
721 4100 748 4152 p.
764 4087 846 4152 Ilsq.
868 4087 897 4136 et
920 4081 985 4136 adn.
1003 4081 1062 4136 crit.
1080 4081 1115 4136 ad
1134 4081 1151 4136 l.
1164 4096 1187 4134 o.
1224 4080 1367 4136 cletham

248 4167 279 4223 0.
292 4168 402 4226 Gilhert
418 4168 448 4222 ln
465 4169 563 4224 Philol.
581 4169 636 4224 vol.
649 4167 802 4222 XXXVIII
819 4183 845 4235 p.
860 4171 918 4222 265.

333 4254 368 4324 ⁸¹)
388 4251 431 4308 Of.
448 4253 548 4310 Stahlii
565 4254 602 4309 ad
619 4253 670 4310 loc.
689 4254 752 4312 adn.
