3130 4914
681 1167 862 1241 VITA.

295 1348 474 1423 Georgius
498 1347 652 1422 Eggers,
679 1343 746 1404 lidei
770 1345 908 1405 addictus
931 1347 1132 1423 evangelicae,
1156 1352 1244 1408 natus
1268 1367 1331 1409 sum

205 1450 622 1512 a.u.1xua1.Mart.1sue
654 1449 682 1507 in
714 1449 777 1508 vieo
802 1450 1038 1523 Hannoversno,
1069 1449 1116 1509 eui
1148 1470 1256 1511 nomen
1288 1455 1333 1512 est

205 1555 322 1629 Lnehe,
345 1551 519 1628 parentibus
536 1551 694 1611 Guilielmo
712 1555 741 1609 ot
756 1550 850 1610 Maria
866 1569 881 1610 e
897 1555 986 1627 geute
1003 1553 1115 1628 Meyer,
1139 1572 1213 1630 quos
1230 1573 1333 1629 super·

207 1657 293 1716 stites
328 1672 394 1714 esse
423 1652 509 1711 valde
544 1653 670 1728 gaudeo.
724 1654 850 1712 Peracta
883 1657 981 1712 aetate
1011 1653 1119 1730 puerili
1148 1654 1288 1716 dimissus
1317 1676 1333 1716 e

209 1757 315 1819 solrola
330 1757 450 1834 publiea
467 1759 625 1832 postquam
643 1756 886 1832 progymnasium
903 1756 983 1831 qnod
1000 1759 1080 1817 reale
1097 1765 1206 1818 vocant
1221 1761 1332 1819 Buxte·

208 1860 346 1921 lundense
370 1860 515 1936 percurri,
538 1877 616 1918 anno
639 1858 747 1918 aetatis
771 1860 874 1935 quinto
901 1859 1015 1920 decimo
1040 1861 1227 1937 gymnasium
1251 1862 1332 1938 quod

209 1964 321 2024 Stadae
349 1962 490 2038 auspiciis
513 1961 633 2022 caroli
658 1962 813 2039 Ooppini
839 1963 927 2023 floret
954 1963 1025 2036 adii,
1056 1963 1136 2026 unde
1165 1983 1235 2025 vere
1263 1967 1332 2026 anni

212 2070 294 2129 1885
330 2058 507 2125 maturitatis
544 2065 712 2124 testimonio
750 2066 915 2125 instructus
944 2067 1099 2126 Monaoum
1139 2086 1184 2127 me
1223 2069 1333 2128 eontuli

211 2170 316 2231 studiis
353 2171 533 2244 operaturus
571 2167 765 2243 philologieis.
822 2169 959 2228 Emeritis
995 2169 1154 2245 stipendiis
1189 2191 1243 2247 per
1277 2172 1334 2231 tria

211 2271 367 2332 semestris
394 2269 512 2329 selrolas
541 2269 643 2329 audivi
669 2269 801 2330 virorum
831 2271 1061 2331 clarissimorum
1091 2274 1227 2344 Brunn,
1251 2273 1334 2333 Oar-

211 2375 322 2450 riere,
345 2371 480 2446 christ,
510 2391 535 2431 v.
553 2366 784 2448 d.Pfordten‚
808 2374 924 2450 Kiehl,
947 2376 980 2433 ll.
998 2375 1154 2451 Sehoell‚
1177 2376 1334 2436 Schoen-

211 2476 345 2550 faldas,
377 2475 477 2551 Sitti,
507 2473 647 2550 Stangl,
671 2474 865 2534 Woelfflin.
909 2475 1061 2537 Autumno
1090 2479 1265 2540 anui1887
1297 2479 1334 2538 ad

211 2579 290 2639 hane
313 2576 419 2637 almam
445 2578 609 2636 litterarum
634 2577 857 2636 universitatem
881 2581 1003 2654 necessi,
1027 2580 1075 2639 ubi
1100 2579 1269 2640 docuerunt
1291 2600 1334 2642 me

212 2681 268 2740 viri
284 2678 445 2740 doctissimi
462 2683 491 2738 et
507 2680 709 2738 humanissimi
727 2679 906 2751 Burdaoh,
920 2681 1195 2760 Dittonberger,
1208 2685 1334 2761 Haym,

212 2782 365 2859 Hering,
392 2779 644 2858 Heydemann,
671 2783 804 2858 Hiller,
827 2782 925 2859 Keil,
947 2783 1095 2862 Stumpf.
1142 2786 1334 2847 Exeruitatio·

212 2886 300 2946 nibus
330 2885 478 2944 seminarii
510 2885 680 2962 philologici
714 2891 744 2945 et
766 2886 954 2946 Monacensis
985 2892 1015 2947 et
1038 2889 1177 2948 Halensls
1204 2888 1334 2949 interfui.

213 2987 359 3048 Omnibus
381 3005 452 3046 vero
476 2988 721 3064 praeceptoribus
744 2989 816 3048 meis
836 3007 952 3065 semper
968 2991 1096 3067 gratiam
1114 2991 1229 3052 habebo
1245 3011 1334 3069 quam

214 3109 379 3150 maximam.
